3356 5040
447 561 465 620 6
645 568 939 625 ACADEMICORUM
963 569 1240 622 POSTERIORUM.

444 761 633 835 occupare
656 735 815 834 possit...
843 751 959 834 atque
984 761 1029 809 ex
1053 736 1162 810 omni
1185 754 1291 835 parte
1315 763 1434 838 aeque

445 867 492 928 'ac
510 864 630 927 totam
651 852 851 926 interire...
876 889 892 919 n

495 969 583 1043 VH.
607 992 665 1064 29.
692 999 706 1027 u
730 971 862 1063 Quam
884 966 964 1041 vim
992 966 1169 1042 animum
1196 993 1277 1042 esse
1301 969 1434 1044 dicunt

448 1082 632 1188 mundi...
646 1107 766 1182 quam
782 1082 976 1156 interdurn
993 1083 1155 1157 eandem
1171 1083 1433 1160 necessitatem

445 1200 652 1298 appellant,
673 1197 766 1297 quia
784 1198 880 1272 nihil
899 1197 1006 1272 aliter
1023 1197 1158 1295 possit,
1179 1215 1294 1297 atque
1312 1202 1362 1274 ab
1389 1225 1433 1275 ea

446 1315 693 1389 constitutum
703 1315 761 1401 sit,
774 1316 941 1400 evenire,
952 1313 1064 1412 quasi
1078 1315 1230 1389 fatalem
1244 1333 1279 1390 et
1291 1315 1433 1390 immu-

446 1431 603 1507 tabilem
622 1429 955 1506 continuationem
977 1429 1126 1505 ordinis
1154 1430 1388 1529 sempiterni.
1414 1471 1430 1501 n

486 1615 524 1624 -
541 1577 661 1642 Adnot.
680 1580 749 1641 crit.
769 1600 782 1635 r
803 1578 946 1642 Evenire
959 1579 1116 1656 Turneb.‚
1132 1581 1215 1642 Bait.
1229 1578 1431 1660 intercodd.‚

447 1678 468 1750 †
490 1679 575 1738 inter
592 1677 703 1740 Halm.
719 1713 761 1722 -

498 1842 514 1872 a
537 1809 640 1905 Quia
661 1807 757 1883 nihil
782 1809 894 1883 aliud
906 1811 1005 1906 fieri
1035 1809 1157 1906 possit
1179 1825 1294 1909 atque
1317 1813 1366 1887 ab
1388 1836 1432 1886 ea

446 1925 697 2001 constitutum
722 1923 770 1998 sit
794 1925 898 1999 intra
925 1923 1038 2022 quasi
1063 1925 1215 1999 fatalem
1236 1942 1271 2000 et
1289 1926 1433 2001 immu-

448 2040 604 2114 tabilem
630 2037 961 2114 continuationem
986 2037 1133 2112 ordinis
1153 2039 1389 2137 sempiterni.
1414 2078 1430 2108 ῃ

495 2156 586 2229 VH.
607 2157 664 2230 32.
696 2183 712 2214 r
742 2156 832 2228 Post
862 2153 1097 2250 argumentis
1127 2154 1366 2253 quibusdam
1397 2170 1434 2230 et

448 2295 579 2346 rerum
606 2268 704 2344 notis
730 2268 842 2368 quasi
870 2268 1037 2344 ducibus
1055 2272 1260 2345 utebantur
1279 2271 1328 2346 ad
1346 2297 1433 2369 pro-

447 2384 623 2460 bandum
651 2400 685 2458 et
707 2383 756 2458 ad
784 2383 1099 2458 concludendum
1123 2384 1161 2458 id
1180 2384 1287 2483 quod
1305 2386 1433 2484 expla-

446 2500 530 2576 nari
550 2501 743 2575 volebant.
772 2535 787 2565 n

485 2657 592 2718 Duces
617 2653 807 2716 adhibentur
832 2652 872 2714 ad
902 2653 984 2713 viam
1016 2652 1340 2727 commonstrandam‚
1368 2671 1434 2714 non

445 2753 484 2815 ad
501 2750 713 2833 probandum.
726 2751 774 2813 Ex
786 2751 877 2814 Orat.
896 2770 942 2831 14,
956 2750 1008 2827 46,
1025 2769 1038 2808 r
1053 2748 1208 2831 Idemque
1219 2749 1434 2834 (Aristoteles)

447 2853 533 2913 locos
557 2885 598 2894 —
626 2850 673 2910 sic
698 2849 782 2911 enim
809 2848 954 2929 appellat
976 2882 1018 2892 —
1043 2849 1138 2928 quasi
1165 2860 1433 2931 argumentorum

445 2960 538 3013 notas
552 2949 702 3026 tradidit,
720 2971 733 3008 i
758 2948 845 3009 locos
866 2966 924 3029 pro
947 2945 1082 3010 ducibus
1103 2967 1209 3011 eruere
1227 2951 1347 3030 possis;
1364 2969 1434 3012 sus-

446 3051 534 3133 picor
548 3062 656 3113 autern
670 3066 817 3130 graecum
832 3045 956 3139 ἔλεγχον
968 3046 1008 3108 ad
1020 3048 1151 3110 verbum
1159 3068 1339 3132 expressum
1348 3067 1432 3111 esse:

447 3150 612 3214 Demosth.
641 3150 750 3221 xxti,
778 3169 828 3210 22.
854 3169 868 3204 «
887 3144 1038 3234 Ἐλεγχός
1075 3146 1193 3234 (ἐστιν),
1227 3151 1298 3210 ὅταν
1331 3138 1370 3209 ὧν
1397 3143 1433 3209 ἂν

447 3255 516 3341 εἴπῃ
528 3273 585 3322 τις,
605 3250 657 3310 καὶ
673 3245 796 3322 τάληθὲς
812 3247 888 3334 ὁμοῦ
905 3239 1015 3332 δείξῃ.»

501 3413 516 3442 α
607 3386 755 3458 Rerum
775 3380 874 3457 notis
889 3383 1000 3480 quasi
1019 3384 1207 3458 indicibus
1226 3383 1433 3456 utebantur

448 3497 497 3574 ad
515 3498 813 3597 probandum...
839 3533 855 3562 n

496 3616 587 3690 VII.
617 3616 673 3690 33.
706 3616 813 3688 Haec
843 3625 923 3687 erat
956 3611 1030 3686 illis
1061 3613 1188 3686 forma
1217 3637 1239 3686 a
1273 3613 1433 3687 Platone

447 3728 597 3814 tradita,
629 3727 741 3804 cuius
765 3751 862 3826 quas
889 3725 1103 3828 acceperim
1130 3725 1430 3827 dissupationes,

448 3842 480 3917 si
498 3843 627 3930 vultis,
649 3866 856 3944 exponam.

489 4030 528 4040 -
539 3992 625 4057 Adn.
639 3994 707 4057 crit.
718 3994 815 4056 Haec
822 3991 935 4073 prima
947 4000 1021 4053 erat
1030 3989 1097 4052 illis
1102 3990 1216 4071 prima
1227 3987 1297 4052 cod.
1307 3985 1431 4053 Gedan.
