3356 5040
452 635 491 687 VI
836 636 1052 692 PRAEFATIO.

454 820 578 881 errata
601 804 721 902 magis
749 804 887 880 docent
910 829 1030 904 quam
1055 805 1263 907 decipiunt,
1284 831 1355 884 nec
1372 834 1437 909 pa·

454 946 542 997 rum
566 944 757 1018 cognosse,
779 919 845 994 sed
865 920 904 995 in
930 946 1072 1020 parum
1092 922 1242 1020 cognito
1265 947 1437 1022 perseve-

453 1063 538 1113 rare
568 1051 678 1135 turpe
706 1035 867 1110 demum
892 1051 959 1111 est.
988 1037 1174 1113 Emittere
1208 1052 1336 1113 autem
1369 1038 1438 1114 ubi

453 1149 647 1239 constitui,
669 1165 875 1250 properato
901 1177 1000 1251 opus
1018 1152 1101 1238 fuit,
1122 1168 1164 1227 ut
1185 1153 1248 1228 cui
1280 1153 1328 1227 sit
1359 1153 1438 1229 iam

452 1270 562 1344 lucro
575 1265 832 1367 apponendus
846 1292 984 1366 «quem
999 1270 1105 1344 Deus
1120 1292 1274 1369 cunque
1284 1268 1437 1344 dierum

453 1383 571 1458 dedit.
588 1421 604 1452 ‚2

504 1504 561 1577 De
575 1525 615 1574 re
629 1515 758 1575 autem
777 1499 874 1599 ipsa,
887 1524 1132 1599 quamquam
1147 1500 1327 1599 pluribus
1346 1500 1438 1576 locis

454 1614 712 1715 disputatione
725 1614 908 1701 abstinui,
930 1631 1059 1690 tamen
1079 1614 1228 1714 ubique
1245 1615 1309 1690 via
1327 1632 1362 1691 et
1380 1640 1439 1691 ra·

454 1731 558 1806 tione
584 1730 759 1830 progredi
785 1747 959 1818 conatus
981 1755 1025 1805 ea
1047 1755 1126 1806 non
1154 1731 1312 1829 neglexi,
1334 1732 1438 1807 unde

456 1861 551 1922 esset
568 1845 804 1946 praesidium
820 1845 1030 1946 petendum
1053 1875 1060 1921 :
1081 1863 1229 1945 praeter
1248 1847 1438 1923 Waltheri

458 1962 626 2040 Lexicon
653 1961 963 2061 diplomaticum,
993 1976 1027 2038 et
1045 1977 1156 2038 vetus
1174 1977 1210 2038 et
1227 1958 1437 2063 optimum,

454 2082 519 2154 W.
540 2078 838 2166 Wattenbachii,
849 2077 1020 2175 germani
1035 2078 1125 2153 artis
1140 2105 1233 2154 suae
1254 2080 1437 2178 magistri,

458 2193 759 2294 Palaeographia
769 2195 886 2269 latina
898 2196 1018 2270 multa
1034 2193 1236 2294 docuit(1);
1247 2194 1440 2295 imprimis

455 2324 583 2386 autem
602 2309 734 2384 utilem
754 2334 912 2410 operam
935 2309 1120 2409 praestitit
1149 2310 1312 2408 Hagenii
1338 2310 1440 2385 libel-

455 2428 515 2501 lus
541 2429 585 2523 (2)
616 2455 623 2500 :
653 2424 701 2499 de
729 2450 808 2524 quo
839 2425 1060 2524 praedicare
1091 2425 1225 2510 debeo,
1264 2425 1318 2501 sic
1348 2450 1439 2500 eum

454 2541 653 2626 adiuvare,
684 2555 726 2614 ut
752 2547 904 2636 δαιμόνιον
927 2540 1023 2614 illud
1054 2541 1305 2618 Socraticum,
1333 2538 1439 2639 quod

455 2654 673 2731 revocando
694 2656 763 2730 iter
786 2656 1038 2730 monstrabat.

506 2774 639 2870 Itaque
653 2772 795 2845 horum
810 2771 1229 2871 praeceptis,quantum
1244 2785 1435 2870 poteram,

455 2911 593 2986 parens
612 2886 725 2986 quasi
751 2886 909 2983 legibus,
932 2886 961 2960 si
980 2886 1030 2960 ad
1047 2911 1137 2960 eum
1156 2886 1276 2962 finem
1303 2910 1436 2985 perve-

456 3026 562 3086 nero,
584 3027 662 3100 quo
683 2999 914 3084 Boeckhius,
935 2999 994 3073 vir
1012 2998 1163 3075 criticae
1181 3002 1272 3074 artis
1291 2999 1441 3098 peritis-

457 3117 593 3205 simus,
626 3126 784 3213 εὐστοχίαν
811 3115 1057 3202 terminavit;
1092 3115 1123 3188 si
1155 3139 1304 3192 eorum,
1341 3138 1442 3212 quae

454 3233 612 3320 conieci,
629 3258 718 3333 pars
736 3234 796 3307 vei
815 3232 998 3308 vicesima
1015 3232 1257 3332 probabitur,
1278 3255 1440 3330 operam

456 3373 535 3423 non
566 3348 769 3448 perdidero
790 3377 797 3422 :
818 3347 906 3446 quis
935 3363 989 3422 est
1018 3347 1123 3422 enim
1154 3372 1270 3446 quem
1300 3346 1443 3422 laboris
1494 3394 1496 3403 ι

456 3466 657 3566 poeniteat,
678 3465 709 3540 si
729 3464 837 3563 quid,
858 3466 1091 3563 quantulum
1119 3464 1158 3539 id
1187 3488 1342 3564 cunque
1369 3479 1440 3550 est,

455 3580 620 3657 attulerit
638 3580 756 3678 frugis
774 3581 823 3654 ad
842 3579 1116 3654 restituendam
1140 3604 1274 3654 veram
1302 3578 1443 3654 oratio·

456 3724 546 3774 nem
565 3698 710 3772 summi
729 3695 937 3797 scriptoris,
950 3695 1017 3794 qui
1035 3695 1105 3770 fuit
1123 3694 1227 3769 idem
1241 3693 1300 3768 vir
1316 3695 1443 3770 bonus

457 3830 491 3890 et
508 3812 800 3889 amantissimus
818 3811 962 3911 patriae
981 3813 1047 3907 (3)?

489 4028 524 4093 (r)
541 4027 682 4094 Anleitung
693 4042 741 4077 zur
752 4025 920 4076 lateinischen
934 4023 1149 4091 Palaeographie.
1164 4025 1281 4092 Leipzig.
1297 4021 1367 4077 1886.

491 4111 526 4174 (2)
544 4110 579 4160 D‘
592 4111 676 4161 Herm
701 4111 803 4176 Hagen.
817 4109 921 4159 Gradus
934 4107 967 4158 ad
979 4106 1100 4161 Criticen.
1117 4107 1232 4174 Leipzig.
1250 4105 1320 4173 1879.

492 4191 527 4257 (3)
546 4191 678 4244 Plutarchi
689 4193 750 4243 Vita
761 4192 895 4242 Ciceronis
906 4207 947 4258 49.
