3356 5040
441 560 480 622 28
853 571 1011 624 BRUTUS.

480 761 497 796 (ι
567 740 629 800 Pro
644 739 676 800 di
692 739 895 814 immortales,
913 759 994 821 quae
1008 740 1068 803 fuit
1083 741 1136 802 illa
1152 743 1286 813 orati0‚
1305 752 1426 822 quanta

437 837 484 897 vis
505 835 666 914 doloris,
691 857 788 918 quam
810 839 1015 919 inexpectata.
1033 857 1131 919 quatn
1149 839 1323 919 repentina,
1341 857 1424 911 cum,

437 936 586 999 coniectis
602 936 703 997 oculis
718 938 751 997 in
767 948 973 1009 mortuam,
998 935 1164 1018 lugentis
1181 948 1271 1017 gestu
1291 939 1379 999 omni
1398 948 1429 999 et

438 1033 619 1096 imminenti
634 1033 744 1110 fletu,
762 1054 927 1097 summa...
944 1057 957 1094 t>

481 1131 545 1195 lsta
559 1131 689 1213 quidem
703 1132 750 1193 vis
771 1153 837 1194 esse
860 1133 1000 1204 videtur;
1024 1143 1103 1212 puto
1123 1131 1240 1195 leniore
1255 1152 1321 1194 esse
1335 1144 1426 1195 uten-

443 1227 522 1292 dum
533 1231 763 1296 emendatione.
786 1233 846 1296 Sed
858 1233 891 1295 id
904 1236 1042 1316 primum
1058 1256 1064 1296 :
1083 1235 1201 1295 mortui
1213 1252 1327 1313 corpus
1343 1253 1430 1295 ume-

441 1329 495 1403 ris,
512 1349 618 1404 curru,
637 1330 716 1393 lecto
738 1332 937 1412 impositum,
955 1352 1008 1393 scu
1025 1334 1156 1405 marca,
1175 1333 1270 1394 etiam
1285 1335 1318 1392 in
1335 1351 1428 1413 capsa

436 1428 622 1490 conclusum
647 1427 747 1491 efferri
773 1442 892 1511 potest;
917 1431 949 1491 in
972 1449 1071 1492 causa
1094 1431 1142 1491 vel
1163 1430 1274 1492 eadem
1296 1431 1344 1492 vel
1364 1430 1425 1492 alia

438 1547 530 1611 posse
556 1549 621 1591 non
651 1530 812 1611 intelligo;
840 1550 941 1612 neque
966 1531 1078 1592 eadem
1105 1530 1272 1612 perplacet.
1305 1530 1429 1594 Scilicet

438 1647 537 1690 causa
553 1659 592 1680 ε-
614 1630 767 1708 cethaei.
784 1631 912 1712 Hagen.
933 1653 939 1693 :
957 1650 977 1691 α
991 1630 1091 1703 =el,·
1108 1649 1129 1690 u
1152 1660 1191 1679 =
1214 1629 1252 1705 b‚·
1269 1638 1428 1690 extecor·

441 1739 571 1808 ruptum
587 1732 635 1804 a‚·)
648 1741 677 1791 et
689 1731 722 1791 in
741 1731 899 1809 superiore
917 1747 994 1790 casu
1011 1747 1074 1789 non
1091 1726 1169 1789 nihil
1186 1727 1244 1789 luit
1259 1727 1424 1788 momenti.

443 1827 544 1889 Porro
573 1827 757 1890 antecedens
785 1828 864 1890 illud
889 1826 1068 1909 refutatum
1099 1846 1166 1889 esse
1194 1846 1299 1888 nonne
1326 1824 1427 1906 poscit

441 1924 548 1999 aliam,
565 1945 646 2007 quae
662 1927 721 1988 sibi
737 1926 934 2007 respondeat,
948 1926 1159 1987 ardentiorem
1173 1929 1303 1986 voceml

495 2132 512 2163 κ
532 2159 574 2188 ..,
611 2127 702 2178 cum
736 2127 828 2177 casu
860 2103 985 2178 medio
1017 2115 1098 2176 tum
1130 2102 1349 2177 celebritate
1379 2103 1428 2196 (t)

444 2217 639 2292 efferretur
658 2220 782 2292 amita
800 2217 925 2293 lunia.
945 2216 1118 2293 Prodi.
1138 2240 1251 2315 quem
1279 2216 1332 2290 ad
1351 2238 1430 2288 mo·

443 2332 535 2406 dum
550 2335 674 2432 fregit
692 2334 817 2419 illum,
846 2345 993 2430 quanta
1020 2334 1071 2418 vi,
1103 2357 1223 2431 quam
1253 2330 1428 2428 inexpec-

442 2454 547 2523 tata!
581 2473 683 2536 cum,
716 2460 868 2548 repente
897 2449 937 2522 in
968 2471 1054 2521 eam
1081 2445 1259 2521 coniectis
1290 2444 1426 2530 oculis,

442 2579 543 2660 gestu
564 2565 716 2640 homini
731 2578 767 2637 et
784 2587 851 2637 ore
868 2563 1083 2638 minoretur
1110 2563 1151 2635 in
1173 2585 1329 2635 summa
1350 2584 1430 2657 gra·

442 2677 558 2753 vitate
594 2695 628 2753 et
659 2678 848 2754 celeritate
884 2679 1130 2752 verborum:
1161 2679 1296 2762 Brute,
1333 2672 1429 2773 quid

445 2790 626 2866 sedesl...
647 2829 664 2860 2

792 3039 1077 3137 naorospt

497 3255 563 3328 IV.
591 3257 645 3330 16.
669 3287 686 3316 a
704 3256 787 3329 Nec
811 3254 929 3337 enim,
958 3279 1003 3328 ex
1029 3251 1154 3339 novis,
1186 3266 1227 3325 ut
1245 3247 1429 3347 agricolae

446 3368 581 3455 solent,
602 3369 790 3444 fructibus
817 3384 933 3457 est‚...
955 3405 971 3434 n
1005 3403 1021 3432 u
1039 3392 1084 3442 ex
1116 3365 1273 3441 novis...
1293 3365 1430 3463 frugi·

446 3483 559 3558 bus...
581 3522 597 3552 n

494 3598 541 3672 V.
584 3623 636 3695 19·
674 3598 781 3673 «Sed
813 3597 878 3672 illa
909 3621 998 3672 curn
1032 3595 1193 3694 poteris;
1227 3609 1356 3693 atque,
1390 3607 1431 3666 ut

446 3712 586 3814 possis,
608 3736 712 3810 rogo
734 3748 751 3778 n

480 3947 514 4008 tr)
532 3945 620 3996 Madv.
640 3945 696 3996 Lat.
709 3943 828 4012 Sprachl.
842 3946 860 4007 ἓ
873 3959 929 4010 ²74·
1092 3993 1097 4004 ,

481 4028 516 4092 (a)
534 4027 610 4079 Edid.
626 4028 733 4081 Piderit.
750 4026 820 4094 1875.
833 4025 947 4091 (Teubn.
959 4025 1127 4092 Schulaueg.)
