3356 5040
587 493 634 544 nn
656 493 842 545 ORATORE.
1176 499 1216 565 ²7

224 678 329 738 terea
359 677 448 736 sunt
466 707 513 716 —
532 661 648 737 credo
679 678 808 738 autem
840 687 922 736 esse
953 662 1076 737 multa
1101 664 1214 740 --ab

226 777 290 864 iis,
305 777 337 852 si
350 776 555 865 videbitur,
572 777 641 876 qui
657 776 728 853 ista
742 777 951 876 disputant,
963 776 1211 876 quaeritne.»

273 945 471 1006 «Hactenus
492 943 573 1006 mihi
593 942 706 1005 videor
727 942 768 1003 de
792 942 937 1004 amicitia
962 941 1042 1023 quid
1061 942 1213 1004 sentirem
1275 952 1276 955 ’

226 1042 302 1126 (ex)
309 1044 458 1125 posuisse
471 1043 628 1106 diserte.
646 1065 659 1101 n
676 1043 706 1105 J.
724 1041 763 1105 C.
782 1041 820 1105 C.
846 1041 1006 1104 Mnemos.
1032 1042 1122 1158 Xyl‘
1142 1042 1212 1126 347.

282 1218 298 1247 α
320 1190 385 1263 Ac
417 1191 509 1263 satis
540 1187 636 1262 mihi
669 1186 805 1262 videor
838 1186 885 1261 de
916 1184 1084 1262 amicitia
1116 1184 1213 1284 quid

227 1302 408 1378 sentirem
419 1305 636 1402 protulisse.
656 1302 833 1377 Dicenda
862 1301 893 1376 si
923 1326 1003 1400 qua
1020 1316 1215 1399 praeterea

227 1433 364 1494 sunl...
385 1457 401 1485 n

647 1624 794 1634 ..ι-ς...

427 1864 500 1939 nn
521 1863 798 1939 onluonn.
821 1866 865 1938 L.
890 1865 927 1938 11
950 1866 1010 1959 (1).

281 2080 363 2154 LV.
379 2078 461 2151 225.
484 2107 501 2138 a
517 2075 616 2172 Quis
630 2091 685 2150 est
698 2075 812 2173 igitur
827 2075 894 2176 qui
910 2101 989 2151 non
1004 2077 1211 2152 fateatur...

228 2192 291 2268 his
305 2191 450 2268 facetiis
469 2215 548 2265 non
564 2189 695 2266 minus
711 2192 917 2267 refutatum
933 2216 1013 2266 esse
1029 2195 1211 2278 Brutum,

183 2315 185 2319 ’
228 2333 349 2408 quam
365 2306 442 2381 illis
456 2305 670 2403 tragoediis
687 2331 785 2405 quas
798 2305 869 2404 egit
882 2306 999 2395 idem,
1015 2331 1105 2383 cum
1120 2331 1214 2383 casu

231 2423 271 2499 in
295 2423 429 2498 eadem
453 2445 572 2496 causa
590 2421 787 2496 efferretur
806 2447 905 2497 anus
925 2422 1051 2498 lunia.
1075 2425 1152 2498 Pro
1175 2422 1215 2498 di

230 2538 482 2623 immortales,
509 2562 610 2637 quae
636 2537 707 2613 tuit
733 2537 810 2625 illa,
835 2552 980 2637 quanta
997 2538 1069 2625 vis,
1094 2563 1213 2638 quarn

231 2655 480 2754 inexpectata,
513 2678 634 2752 quarn
666 2653 877 2753 repentina,
907 2678 997 2730 cum
1033 2654 1216 2744 coniectis

230 2769 366 2856 oculis,
387 2784 491 2866 gestu
510 2768 620 2843 omni
644 2785 679 2843 et
697 2767 930 2856 imminenti,
956 2794 1113 2846 summa
1130 2792 1213 2866 gra-

229 2886 344 2962 vitate
374 2901 410 2959 et
438 2884 629 2960 celeritate
658 2886 870 2960 verborum
905 2914 913 2961 ι
949 2889 1081 2974 Brute,
1119 2885 1215 2986 quid

229 3001 366 3077 sedes?
396 2998 491 3100 quid
525 2999 631 3075 illam
663 3025 784 3075 anum
816 3001 913 3099 patri
947 3000 1127 3077 nuntiare
1156 3001 1215 3076 vis

226 3133 294 3194 tuo
306 3123 368 3191 t...
388 3151 405 3183 n

270 3283 338 3345 Etsi
353 3281 423 3344 aliis
446 3280 522 3342 locis
547 3282 591 3344 H.
618 3283 773 3354 Muther.‚
797 3283 845 3345 vir
866 3282 990 3360 doctus,
1015 3284 1105 3346 cuius
1127 3302 1214 3345 com·

228 3381 419 3442 mentarium
437 3381 475 3458 (2)
490 3378 583 3442 doleo
605 3400 674 3443 sero
688 3379 729 3443 ad
748 3400 798 3442 me
812 3382 998 3463 pervenisse,
1017 3385 1063 3460 (ac
1077 3381 1215 3444 celeriter

228 3490 353 3542 tantum
368 3465 595 3561 praestringere
609 3481 709 3561 potui)
725 3478 862 3542 dilucide
874 3478 1019 3543 docuisse
1041 3480 1166 3544 videtur
1181 3483 1214 3544 in

228 3577 373 3642 Oratoris
387 3576 444 3639 lib.
464 3577 477 3639 l
493 3589 524 3640 et
541 3577 584 3653 ll,
602 3576 694 3660 plura
708 3577 880 3641 desiderari
894 3580 1000 3654 verba,
1018 3591 1049 3642 et
1063 3580 1214 3663 probabi-

227 3673 307 3748 liter,
326 3694 408 3757 quae
422 3674 549 3750 desunt,
573 3674 742 3752 suffecisse,
766 3677 826 3738 hoc
848 3688 954 3739 tamen
975 3676 1045 3740 loco
1064 3697 1129 3740 non
1144 3676 1220 3759 pla-⁴

227 3782 298 3835 cent
313 3792 394 3856 quae
408 3772 575 3856 adscripsit
589 3786 619 3837 et
635 3774 802 3838 inculcavit
820 3799 827 3838 :

261 3958 296 4024 (ι)
314 3958 363 4013 Ed.
376 3958 481 4010 Teubn.
493 3958 609 4027 recog.ir
622 3961 737 4012 Klotzio.
793 3971 796 3987 ¹

261 4041 296 4106 (ι)
315 4040 471 4110 Programrn
483 4051 513 4091 n*
525 4041 582 4097 632.
595 4057 624 4110 p.
638 4058 678 4097 ιι.
691 4041 809 4110 Coburg.
823 4042 893 4096 1885.
