3356 5040
504 532 552 582 ΑΙ)
575 531 752 592 QUINTUM
775 531 961 582 FRATREM.
1190 522 1229 603 45

296 703 324 774 Ι.
348 724 381 775 2.
400 723 435 796 7.
459 732 476 762 a
496 701 592 785 Erit,
610 699 739 787 credo,
770 699 987 799 periculum
1022 724 1069 774 ne
1089 699 1231 798 impro-

244 817 339 890 bum
367 816 650 913 negotiatorem,
680 817 813 914 paullo
837 815 1079 917 cupidiorem
1104 817 1229 915 publi-

243 953 385 1005 canum
406 930 662 1030 comprimere
681 931 817 1030 possis.
840 969 856 1000 η

297 1080 312 1110 a
397 1070 446 1120 ne
464 1045 689 1146 improbum
718 1047 1004 1144 negotiatorem,
1034 1073 1082 1122 ne
1097 1047 1229 1146 paullo

242 1161 531 1261 cupidiorem...
553 1197 569 1226 n

294 1278 350 1353 lb.
372 1300 411 1372 4,
440 1301 495 1360 12,
523 1281 576 1352 13.
597 1308 612 1338 a
631 1279 751 1351 Nunc
767 1301 860 1351 vero
874 1276 1004 1351 tertius
1024 1277 1084 1352 hic
1102 1302 1228 1353 annus

243 1394 381 1468 habeat
396 1392 647 1491 integritatem
663 1391 980 1491 eamdemquam
996 1393 1226 1490 superiores

240 1508 453 1584 cautiorem
478 1508 593 1584 etiam
621 1533 665 1583 ac
692 1507 987 1606 diligentiorem.
1014 1508 1097 1584 Sint
1116 1533 1228 1583 aures

241 1641 342 1711 tuae,
380 1649 481 1723 quae
517 1623 569 1709 id,
605 1622 711 1722 quod
752 1623 931 1710 audiunt,
963 1623 1230 1702 existimentur

241 1739 389 1828 audire,
412 1765 489 1814 non
510 1739 549 1813 in
569 1765 667 1838 quas
684 1739 771 1814 ficte
789 1755 824 1813 et
850 1739 1027 1814 simulate
1045 1756 1227 1838 quaestus

241 1879 377 1930 caussa
397 1854 673 1930 insusurretur.
699 1894 715 1922 „

280 2075 323 2086 -
333 2041 429 2102 Ficta
441 2048 472 2100 et
481 2039 636 2100 simulata
700 2040 963 2114 insusurrantur,
983 2041 1121 2102 Boot.-
1134 2041 1229 2103 Recte

240 2139 352 2201 doctus
372 2139 423 2199 ille
448 2139 507 2208 vir,
525 2137 577 2198 sed
603 2137 773 2199 dicendum
799 2138 924 2201 videtur
942 2138 1051 2220 quales
1077 2141 1228 2219 praetoris

240 2254 332 2334 aures
344 2234 477 2297 debeant
489 2253 572 2309 esse;
593 2246 628 2296 ut
640 2234 720 2294 infra
735 2257 748 2292 u
762 2235 806 2295 sit
821 2235 964 2298 annulus
978 2245 1052 2297 tuus
1067 2256 1130 2298 non
1147 2247 1227 2304 ut.»

294 2433 310 2462 a
390 2423 510 2497 quam
530 2397 759 2495 superiores,
776 2397 989 2473 cautiorem
1007 2411 1149 2474 tamen.
1169 2405 1226 2476 Ac

240 2515 502 2614 diligentiores
533 2513 607 2587 sint
638 2538 751 2588 aures
769 2530 869 2599 tuae,
902 2515 1016 2612 quasi
1039 2514 1091 2600 id,
1118 2518 1225 2614 quod

239 2633 418 2716 audiant,
440 2631 634 2704 existimes
654 2641 771 2704 totam
793 2631 934 2704 Urbem
951 2633 999 2724 (1)
1018 2632 1222 2706 audire...»

292 2746 346 2820 lb.
367 2769 405 2838 4.
434 2747 486 2820 13.
512 2776 528 2806 a
546 2743 635 2818 Toti
661 2743 828 2842 denique
858 2743 905 2818 sit
924 2744 1145 2842 provinciae
1163 2771 1225 2826 co·

239 2859 433 2957 gnitum...
456 2858 633 2958 Denique
651 2861 745 2934 haec
763 2859 895 2957 opinio
913 2859 973 2932 sit.
995 2896 1010 2926 n

291 3005 307 3035 a
390 2974 451 3046 De
470 2984 579 3070 teque
599 2974 693 3046 haec
711 2972 845 3071 opinio
863 2972 957 3046 sit...
982 3012 998 3041 n

290 3089 347 3162 lb.
380 3090 412 3160 t.
454 3091 509 3162 16.
547 3093 705 3185 “Atque
736 3086 849 3161 etiam
883 3112 903 3161 e
934 3087 1093 3164 Graecis
1130 3089 1222 3187 ipsis

236 3205 433 3302 diligenter
451 3203 643 3278 cavendae
662 3221 751 3277 sunt
773 3203 965 3301 quaedam
986 3204 1219 3281 familiarita-

236 3333 305 3406 tes,
337 3335 486 3417 praeter
518 3317 727 3392 hominum
762 3343 1061 3417 perpaucorum,
1091 3320 1122 3394 si
1152 3321 1220 3419 qui

237 3450 326 3509 sunt
340 3451 465 3509 vetere
480 3433 642 3510 Graecia
657 3433 844 3530 digniSic
858 3460 950 3510 vero
964 3436 1117 3512 fallaces
1132 3454 1221 3511 sunt

171 3584 173 3588 ·
237 3547 501 3646 permulti...ae

269 3760 518 3824 (1)Existimentur
542 3763 579 3811 sic
607 3761 796 3812 resolvendum
819 3772 886 3829 puto
913 3784 919 3812 ι
943 3765 1090 3824 existimen,
1114 3781 1131 3814 n
1154 3787 1187 3806 =
1208 3780 1222 3814 s

235 3842 374 3928 (flag-eng
388 3848 443 3891 t=
455 3848 546 3905 totam,
559 3844 702 3909 (Wattenb.
727 3846 782 3900 Lat.
805 3845 859 3898 Pal.
878 3861 906 3912 p.
930 3845 974 3900 80.
988 3852 1011 3896 t⁰
1022 3870 1055 3890 =
1067 3851 1159 3912 totum)
1169 3871 1177 3908 ‚·
1189 3863 1223 3898 ur

236 3954 268 3974 =
280 3929 322 3992 tib,
335 3949 393 3981 r=
404 3932 419 3981 b
432 3935 564 4000 (Hagen).
