<?xml version="1.0" encoding="UTF-8"?>
<!DOCTYPE html PUBLIC "-//W3C//DTD XHTML 1.0 Transitional//EN"
    "http://www.w3.org/TR/xhtml1/DTD/xhtml1-transitional.dtd">
<html xmlns="http://www.w3.org/1999/xhtml" xml:lang="en" lang="en">
 <head>
  <title>
</title>
<meta http-equiv="Content-Type" content="text/html;charset=utf-8" />
  <meta name='ocr-system' content='tesseract 3.04.00' />
  <meta name='ocr-capabilities' content='ocr_page ocr_carea ocr_par ocr_line ocrx_word'/>
</head>
<body>
  <div class='ocr_page' id='page_1' title='image "./emendationestul00spangoog_0053.png"; bbox 0 0 3356 5040; ppageno 0'>
   <div class='ocr_carea' id='block_1_1' title="bbox 496 556 1227 650">
    <p class='ocr_par' dir='ltr' id='par_1_1' title="bbox 496 556 1227 650">
     <span class='ocr_line' id='line_1_1' title="bbox 496 556 1227 650; baseline 0.001 -19"><span class='ocrx_word' id='word_1_1' title='bbox 496 563 538 650; x_wconf 64' lang='lat'>40</span> <span class='ocrx_word' id='word_1_2' title='bbox 746 556 947 632; x_wconf 77' lang='lat' dir='ltr'>urrsromn</span> <span class='ocrx_word' id='word_1_3' title='bbox 968 573 1017 631; x_wconf 75' lang='lat' dir='ltr'>ru</span> <span class='ocrx_word' id='word_1_4' title='bbox 1039 579 1227 632; x_wconf 80' lang='lat' dir='ltr'>orvnnsos.</span> 
     </span>
    </p>
   </div>
   <div class='ocr_carea' id='block_1_2' title="bbox 498 742 1487 1190">
    <p class='ocr_par' dir='ltr' id='par_1_2' title="bbox 549 742 1075 842">
     <span class='ocr_line' id='line_1_2' title="bbox 549 742 1075 842; baseline -0.011 -22"><span class='ocrx_word' id='word_1_5' title='bbox 549 779 565 808; x_wconf 71' lang='lat' dir='ltr'><em>u</em></span> <span class='ocrx_word' id='word_1_6' title='bbox 587 745 751 842; x_wconf 85' lang='lat' dir='ltr'>Unaque</span> <span class='ocrx_word' id='word_1_7' title='bbox 767 742 1038 818; x_wconf 87' lang='lat' dir='ltr'>fortissimum.</span> <span class='ocrx_word' id='word_1_8' title='bbox 1058 783 1075 813; x_wconf 59' lang='grc' dir='ltr'><em>η</em></span> 
     </span>
    </p>

    <p class='ocr_par' dir='ltr' id='par_1_3' title="bbox 498 854 1487 1190">
     <span class='ocr_line' id='line_1_3' title="bbox 546 854 1481 958; baseline -0.005 -24"><span class='ocrx_word' id='word_1_9' title='bbox 546 855 612 934; x_wconf 80' lang='lat' dir='ltr'>IV.</span> <span class='ocrx_word' id='word_1_10' title='bbox 642 882 697 947; x_wconf 86' lang='lat'>12,</span> <span class='ocrx_word' id='word_1_11' title='bbox 725 884 757 934; x_wconf 90' lang='lat'>1.</span> <span class='ocrx_word' id='word_1_12' title='bbox 781 893 797 922; x_wconf 68' lang='lat' dir='ltr'>a</span> <span class='ocrx_word' id='word_1_13' title='bbox 886 857 1077 958; x_wconf 88' lang='lat' dir='ltr'>quoniam</span> <span class='ocrx_word' id='word_1_14' title='bbox 1101 881 1213 934; x_wconf 89' lang='lat' dir='ltr'>casus</span> <span class='ocrx_word' id='word_1_15' title='bbox 1231 871 1267 932; x_wconf 91' lang='lat' dir='ltr'>et</span> <span class='ocrx_word' id='word_1_16' title='bbox 1286 873 1423 932; x_wconf 88' lang='lat' dir='ltr'>natura</span> <span class='ocrx_word' id='word_1_17' title='bbox 1441 854 1481 929; x_wconf 91' lang='lat' dir='ltr'>in</span> 
     </span>
     <span class='ocr_line' id='line_1_4' title="bbox 498 971 1487 1072; baseline -0.007 -20"><span class='ocrx_word' id='word_1_18' title='bbox 498 971 613 1052; x_wconf 93' lang='lat' dir='ltr'>nobis</span> <span class='ocrx_word' id='word_1_19' title='bbox 630 972 873 1062; x_wconf 85' lang='lat' dir='ltr'>dominatur,</span> <span class='ocrx_word' id='word_1_20' title='bbox 900 973 1030 1049; x_wconf 87' lang='lat' dir='ltr'>visum</span> <span class='ocrx_word' id='word_1_21' title='bbox 1058 989 1112 1048; x_wconf 90' lang='lat' dir='ltr'>est</span> <span class='ocrx_word' id='word_1_22' title='bbox 1130 972 1366 1059; x_wconf 82' lang='lat' dir='ltr'>iaciendum,</span> <span class='ocrx_word' id='word_1_23' title='bbox 1387 995 1487 1072; x_wconf 91' lang='lat' dir='ltr'>quo-</span> 
     </span>
     <span class='ocr_line' id='line_1_5' title="bbox 498 1086 1482 1190; baseline -0.006 -25"><span class='ocrx_word' id='word_1_24' title='bbox 498 1087 710 1190; x_wconf 80' lang='lat' dir='ltr'>quomodo</span> <span class='ocrx_word' id='word_1_25' title='bbox 728 1112 789 1163; x_wconf 91' lang='lat' dir='ltr'>res</span> <span class='ocrx_word' id='word_1_26' title='bbox 803 1114 843 1163; x_wconf 91' lang='lat' dir='ltr'>se</span> <span class='ocrx_word' id='word_1_27' title='bbox 860 1090 1028 1174; x_wconf 88' lang='lat' dir='ltr'>haberet,</span> <span class='ocrx_word' id='word_1_28' title='bbox 1044 1113 1115 1163; x_wconf 94' lang='lat' dir='ltr'>vos</span> <span class='ocrx_word' id='word_1_29' title='bbox 1128 1086 1308 1163; x_wconf 86' lang='lat' dir='ltr'>certiores</span> <span class='ocrx_word' id='word_1_30' title='bbox 1321 1086 1482 1161; x_wconf 75' lang='lat' dir='ltr'>facere.»</span> 
     </span>
    </p>
   </div>
   <div class='ocr_carea' id='block_1_3' title="bbox 499 1267 1491 1548">
    <p class='ocr_par' dir='ltr' id='par_1_4' title="bbox 499 1267 1491 1548">
     <span class='ocr_line' id='line_1_6' title="bbox 539 1267 1484 1349; baseline 0.005 -23"><span class='ocrx_word' id='word_1_31' title='bbox 539 1301 581 1317; x_wconf 89' lang='lat'>·-</span> <span class='ocrx_word' id='word_1_32' title='bbox 598 1289 611 1326; x_wconf 81' lang='lat' dir='ltr'>n</span> <span class='ocrx_word' id='word_1_33' title='bbox 629 1270 671 1331; x_wconf 88' lang='lat' dir='ltr'>In</span> <span class='ocrx_word' id='word_1_34' title='bbox 686 1269 778 1331; x_wconf 80' lang='lat' dir='ltr'>bonis</span> <span class='ocrx_word' id='word_1_35' title='bbox 792 1267 865 1330; x_wconf 90' lang='lat' dir='ltr'>libri</span> <span class='ocrx_word' id='word_1_36' title='bbox 883 1267 985 1344; x_wconf 69' lang='lat' dir='ltr'>Med„</span> <span class='ocrx_word' id='word_1_37' title='bbox 1003 1269 1097 1331; x_wconf 90' lang='lat' dir='ltr'><strong>Boot.</strong></span> <span class='ocrx_word' id='word_1_38' title='bbox 1117 1304 1155 1314; x_wconf 83' lang='lat'><em>-</em></span> <span class='ocrx_word' id='word_1_39' title='bbox 1176 1268 1227 1332; x_wconf 87' lang='lat' dir='ltr'>cf.</span> <span class='ocrx_word' id='word_1_40' title='bbox 1243 1268 1320 1334; x_wconf 88' lang='lat' dir='ltr'>Sall.</span> <span class='ocrx_word' id='word_1_41' title='bbox 1340 1269 1387 1349; x_wconf 83' lang='lat' dir='ltr'>lg.</span> <span class='ocrx_word' id='word_1_42' title='bbox 1417 1287 1484 1331; x_wconf 79' lang='lat' dir='ltr'>roz.</span> 
     </span>
     <span class='ocr_line' id='line_1_7' title="bbox 501 1365 1491 1449; baseline 0.001 -22"><span class='ocrx_word' id='word_1_43' title='bbox 501 1365 692 1449; x_wconf 77' lang='lat' dir='ltr'>«quoniam</span> <span class='ocrx_word' id='word_1_44' title='bbox 726 1367 977 1429; x_wconf 87' lang='lat' dir='ltr'>humanarum</span> <span class='ocrx_word' id='word_1_45' title='bbox 1018 1385 1140 1429; x_wconf 88' lang='lat' dir='ltr'>rerum</span> <span class='ocrx_word' id='word_1_46' title='bbox 1175 1365 1303 1429; x_wconf 88' lang='lat' dir='ltr'>fortuna</span> <span class='ocrx_word' id='word_1_47' title='bbox 1339 1367 1491 1448; x_wconf 84' lang='lat' dir='ltr'>pleraque</span> 
     </span>
     <span class='ocr_line' id='line_1_8' title="bbox 499 1478 625 1548; baseline -0.024 -19"><span class='ocrx_word' id='word_1_48' title='bbox 499 1478 625 1548; x_wconf 71' lang='lat' dir='ltr'>regit.»</span> 
     </span>
    </p>
   </div>
   <div class='ocr_carea' id='block_1_4' title="bbox 502 1625 1495 2422">
    <p class='ocr_par' dir='ltr' id='par_1_5' title="bbox 502 1625 1489 1962">
     <span class='ocr_line' id='line_1_9' title="bbox 555 1625 1487 1724; baseline -0.004 -20"><span class='ocrx_word' id='word_1_49' title='bbox 555 1661 571 1691; x_wconf 73' lang='lat' dir='ltr'>u</span> <span class='ocrx_word' id='word_1_50' title='bbox 590 1626 792 1724; x_wconf 80' lang='lat' dir='ltr'>Quoniam</span> <span class='ocrx_word' id='word_1_51' title='bbox 816 1651 931 1704; x_wconf 91' lang='lat' dir='ltr'>casus</span> <span class='ocrx_word' id='word_1_52' title='bbox 956 1627 996 1702; x_wconf 86' lang='lat' dir='ltr'>in</span> <span class='ocrx_word' id='word_1_53' title='bbox 1015 1639 1145 1702; x_wconf 85' lang='lat' dir='ltr'>nostra</span> <span class='ocrx_word' id='word_1_54' title='bbox 1163 1628 1290 1703; x_wconf 84' lang='lat' dir='ltr'>ubivis</span> <span class='ocrx_word' id='word_1_55' title='bbox 1308 1625 1487 1702; x_wconf 88' lang='lat' dir='ltr'>domina·</span> 
     </span>
     <span class='ocr_line' id='line_1_10' title="bbox 502 1738 1489 1840; baseline -0.006 -20"><span class='ocrx_word' id='word_1_56' title='bbox 502 1759 578 1830; x_wconf 89' lang='lat' dir='ltr'>tur,</span> <span class='ocrx_word' id='word_1_57' title='bbox 599 1742 728 1820; x_wconf 84' lang='lat' dir='ltr'>visum</span> <span class='ocrx_word' id='word_1_58' title='bbox 756 1744 859 1818; x_wconf 85' lang='lat' dir='ltr'><em>nihil</em></span> <span class='ocrx_word' id='word_1_59' title='bbox 875 1766 953 1817; x_wconf 83' lang='lat' dir='ltr'>esse</span> <span class='ocrx_word' id='word_1_60' title='bbox 972 1741 1185 1827; x_wconf 84' lang='lat' dir='ltr'>tacendum,</span> <span class='ocrx_word' id='word_1_61' title='bbox 1207 1765 1356 1840; x_wconf 87' lang='lat' dir='ltr'>quoque</span> <span class='ocrx_word' id='word_1_62' title='bbox 1370 1738 1489 1816; x_wconf 91' lang='lat' dir='ltr'>modo</span> 
     </span>
     <span class='ocr_line' id='line_1_11' title="bbox 505 1854 1288 1962; baseline -0.014 -26"><span class='ocrx_word' id='word_1_63' title='bbox 505 1854 564 1960; x_wconf 80' lang='lat' dir='ltr'>res</span> <span class='ocrx_word' id='word_1_64' title='bbox 583 1884 622 1962; x_wconf 83' lang='lat' dir='ltr'>se</span> <span class='ocrx_word' id='word_1_65' title='bbox 641 1857 811 1944; x_wconf 89' lang='lat' dir='ltr'>haberet,</span> <span class='ocrx_word' id='word_1_66' title='bbox 831 1883 901 1932; x_wconf 89' lang='lat' dir='ltr'>vos</span> <span class='ocrx_word' id='word_1_67' title='bbox 918 1855 1097 1932; x_wconf 88' lang='lat' dir='ltr'>certiores</span> <span class='ocrx_word' id='word_1_68' title='bbox 1117 1856 1250 1932; x_wconf 84' lang='lat' dir='ltr'>iacere.</span> <span class='ocrx_word' id='word_1_69' title='bbox 1272 1891 1288 1925; x_wconf 66' lang='lat' dir='ltr'><em>n</em></span> 
     </span>
    </p>

    <p class='ocr_par' dir='ltr' id='par_1_6' title="bbox 504 1973 1495 2422">
     <span class='ocr_line' id='line_1_12' title="bbox 557 1973 1490 2071; baseline -0.006 -20"><span class='ocrx_word' id='word_1_70' title='bbox 557 1976 622 2051; x_wconf 93' lang='lat' dir='ltr'>IV.</span> <span class='ocrx_word' id='word_1_71' title='bbox 650 1997 705 2061; x_wconf 87' lang='lat'>12,</span> <span class='ocrx_word' id='word_1_72' title='bbox 726 1979 759 2048; x_wconf 76' lang='lat'>3.</span> <span class='ocrx_word' id='word_1_73' title='bbox 783 2002 800 2034; x_wconf 76' lang='lat'>⁸</span> <span class='ocrx_word' id='word_1_74' title='bbox 819 1976 970 2049; x_wconf 89' lang='lat' dir='ltr'>Locum</span> <span class='ocrx_word' id='word_1_75' title='bbox 996 1974 1215 2071; x_wconf 87' lang='lat' dir='ltr'>sepulturae</span> <span class='ocrx_word' id='word_1_76' title='bbox 1233 1973 1333 2048; x_wconf 89' lang='lat' dir='ltr'>intra</span> <span class='ocrx_word' id='word_1_77' title='bbox 1350 1973 1490 2047; x_wconf 89' lang='lat' dir='ltr'>urbem</span> 
     </span>
     <span class='ocr_line' id='line_1_13' title="bbox 504 2087 1493 2189; baseline -0.006 -23"><span class='ocrx_word' id='word_1_78' title='bbox 504 2105 548 2166; x_wconf 92' lang='lat' dir='ltr'>ut</span> <span class='ocrx_word' id='word_1_79' title='bbox 565 2090 714 2177; x_wconf 88' lang='lat' dir='ltr'>darent,</span> <span class='ocrx_word' id='word_1_80' title='bbox 731 2088 937 2189; x_wconf 89' lang='lat' dir='ltr'>impetrare</span> <span class='ocrx_word' id='word_1_81' title='bbox 953 2113 1032 2164; x_wconf 90' lang='lat' dir='ltr'>non</span> <span class='ocrx_word' id='word_1_82' title='bbox 1045 2088 1168 2189; x_wconf 90' lang='lat' dir='ltr'>potui,</span> <span class='ocrx_word' id='word_1_83' title='bbox 1185 2088 1293 2189; x_wconf 93' lang='lat' dir='ltr'>quod</span> <span class='ocrx_word' id='word_1_84' title='bbox 1312 2087 1493 2186; x_wconf 86' lang='lat' dir='ltr'>religione</span> 
     </span>
     <span class='ocr_line' id='line_1_14' title="bbox 507 2203 1495 2307; baseline -0.004 -25"><span class='ocrx_word' id='word_1_85' title='bbox 507 2205 688 2307; x_wconf 85' lang='lat' dir='ltr'>iinpediri</span> <span class='ocrx_word' id='word_1_86' title='bbox 720 2229 759 2280; x_wconf 91' lang='lat' dir='ltr'>se</span> <span class='ocrx_word' id='word_1_87' title='bbox 792 2203 983 2294; x_wconf 92' lang='lat' dir='ltr'>dicerent;</span> <span class='ocrx_word' id='word_1_88' title='bbox 1017 2229 1142 2305; x_wconf 90' lang='lat' dir='ltr'>neque</span> <span class='ocrx_word' id='word_1_89' title='bbox 1160 2218 1291 2279; x_wconf 89' lang='lat' dir='ltr'>tamen</span> <span class='ocrx_word' id='word_1_90' title='bbox 1320 2204 1358 2280; x_wconf 91' lang='lat' dir='ltr'>id</span> <span class='ocrx_word' id='word_1_91' title='bbox 1383 2218 1495 2279; x_wconf 84' lang='lat' dir='ltr'>antea</span> 
     </span>
     <span class='ocr_line' id='line_1_15' title="bbox 508 2319 1030 2422; baseline -0.004 -26"><span class='ocrx_word' id='word_1_92' title='bbox 508 2320 693 2422; x_wconf 81' lang='lat' dir='ltr'>cuiquam</span> <span class='ocrx_word' id='word_1_93' title='bbox 712 2319 991 2396; x_wconf 85' lang='lat' dir='ltr'>concesserant.</span> <span class='ocrx_word' id='word_1_94' title='bbox 1014 2352 1030 2386; x_wconf 61' lang='grc' dir='ltr'><strong><em>κ</em></strong></span> 
     </span>
    </p>
   </div>
   <div class='ocr_carea' id='block_1_5' title="bbox 505 2499 1494 2980">
    <p class='ocr_par' dir='ltr' id='par_1_7' title="bbox 505 2499 1494 2980">
     <span class='ocr_line' id='line_1_16' title="bbox 546 2499 1493 2584; baseline -0.002 -19"><span class='ocrx_word' id='word_1_95' title='bbox 546 2500 743 2565; x_wconf 85' lang='lat' dir='ltr'>Adverbium</span> <span class='ocrx_word' id='word_1_96' title='bbox 768 2511 874 2564; x_wconf 84' lang='lat' dir='ltr'>tamen</span> <span class='ocrx_word' id='word_1_97' title='bbox 899 2503 929 2564; x_wconf 90' lang='lat' dir='ltr'>J.</span> <span class='ocrx_word' id='word_1_98' title='bbox 959 2503 985 2564; x_wconf 85' lang='lat' dir='ltr'>F</span> <span class='ocrx_word' id='word_1_99' title='bbox 987 2521 1041 2584; x_wconf 90' lang='lat' dir='ltr'>rey</span> <span class='ocrx_word' id='word_1_100' title='bbox 1066 2503 1099 2564; x_wconf 91' lang='lat' dir='ltr'>in</span> <span class='ocrx_word' id='word_1_101' title='bbox 1124 2499 1198 2564; x_wconf 91' lang='lat' dir='ltr'>edit.</span> <span class='ocrx_word' id='word_1_102' title='bbox 1227 2501 1388 2567; x_wconf 89' lang='lat' dir='ltr'>Teubner.</span> <span class='ocrx_word' id='word_1_103' title='bbox 1412 2501 1493 2564; x_wconf 87' lang='lat' dir='ltr'>tueri</span> 
     </span>
     <span class='ocr_line' id='line_1_17' title="bbox 505 2598 1493 2682; baseline -0.005 -15"><span class='ocrx_word' id='word_1_104' title='bbox 505 2613 639 2667; x_wconf 89' lang='lat' dir='ltr'>conatur</span> <span class='ocrx_word' id='word_1_105' title='bbox 660 2598 887 2664; x_wconf 88' lang='lat' dir='ltr'>consuetudine</span> <span class='ocrx_word' id='word_1_106' title='bbox 903 2599 1082 2664; x_wconf 88' lang='lat' dir='ltr'>Germanici</span> <span class='ocrx_word' id='word_1_107' title='bbox 1097 2601 1268 2677; x_wconf 80' lang='lat' dir='ltr'>sermonis3</span> <span class='ocrx_word' id='word_1_108' title='bbox 1285 2612 1317 2663; x_wconf 86' lang='lat' dir='ltr'>at</span> <span class='ocrx_word' id='word_1_109' title='bbox 1334 2601 1493 2682; x_wconf 88' lang='lat' dir='ltr'>Sulpicius</span> 
     </span>
     <span class='ocr_line' id='line_1_18' title="bbox 505 2687 1493 2780; baseline -0.004 -16"><span class='ocrx_word' id='word_1_110' title='bbox 505 2693 582 2765; x_wconf 73' lang='lat' dir='ltr'>haec</span> <span class='ocrx_word' id='word_1_111' title='bbox 606 2698 706 2775; x_wconf 89' lang='lat' dir='ltr'>addit,</span> <span class='ocrx_word' id='word_1_112' title='bbox 728 2711 763 2761; x_wconf 92' lang='lat' dir='ltr'>ut</span> <span class='ocrx_word' id='word_1_113' title='bbox 788 2699 1006 2780; x_wconf 81' lang='lat' dir='ltr'>interpositam</span> <span class='ocrx_word' id='word_1_114' title='bbox 1028 2699 1070 2761; x_wconf 94' lang='lat' dir='ltr'>ab</span> <span class='ocrx_word' id='word_1_115' title='bbox 1091 2687 1339 2763; x_wconf 67' lang='lat' dir='ltr'>Atheniensibus</span> <span class='ocrx_word' id='word_1_116' title='bbox 1366 2717 1493 2763; x_wconf 87' lang='lat' dir='ltr'>causam</span> 
     </span>
     <span class='ocr_line' id='line_1_19' title="bbox 509 2795 1492 2881; baseline -0.002 -19"><span class='ocrx_word' id='word_1_117' title='bbox 509 2818 575 2864; x_wconf 91' lang='lat' dir='ltr'>non</span> <span class='ocrx_word' id='word_1_118' title='bbox 594 2817 709 2860; x_wconf 83' lang='lat' dir='ltr'>vanam</span> <span class='ocrx_word' id='word_1_119' title='bbox 725 2816 790 2860; x_wconf 89' lang='lat' dir='ltr'>esse</span> <span class='ocrx_word' id='word_1_120' title='bbox 811 2795 970 2874; x_wconf 85' lang='lat' dir='ltr'>defendat,</span> <span class='ocrx_word' id='word_1_121' title='bbox 984 2799 1086 2881; x_wconf 81' lang='lat' dir='ltr'>‘quum</span> <span class='ocrx_word' id='word_1_122' title='bbox 1112 2797 1265 2861; x_wconf 90' lang='lat' dir='ltr'>honorem</span> <span class='ocrx_word' id='word_1_123' title='bbox 1287 2798 1377 2860; x_wconf 87' lang='lat' dir='ltr'>illurn</span> <span class='ocrx_word' id='word_1_124' title='bbox 1400 2797 1492 2873; x_wconf 84' lang='lat' dir='ltr'>nulli,</span> 
     </span>
     <span class='ocr_line' id='line_1_20' title="bbox 509 2895 1494 2980; baseline -0.004 -16"><span class='ocrx_word' id='word_1_125' title='bbox 509 2903 550 2964; x_wconf 66' lang='lat' dir='ltr'>ue</span> <span class='ocrx_word' id='word_1_126' title='bbox 575 2897 750 2961; x_wconf 79' lang='lat' dir='ltr'>clarissimo</span> <span class='ocrx_word' id='word_1_127' title='bbox 772 2895 900 2980; x_wconf 91' lang='lat' dir='ltr'>quidem</span> <span class='ocrx_word' id='word_1_128' title='bbox 923 2915 1055 2961; x_wconf 88' lang='lat' dir='ltr'>suorum</span> <span class='ocrx_word' id='word_1_129' title='bbox 1077 2897 1257 2974; x_wconf 89' lang='lat' dir='ltr'>hominum,</span> <span class='ocrx_word' id='word_1_130' title='bbox 1274 2899 1494 2961; x_wconf 88' lang='lat' dir='ltr'>concesserint.</span> 
     </span>
    </p>
   </div>
   <div class='ocr_carea' id='block_1_6' title="bbox 509 3059 1504 4083">
    <p class='ocr_par' dir='ltr' id='par_1_8' title="bbox 512 3059 1496 3256">
     <span class='ocr_line' id='line_1_21' title="bbox 562 3059 1496 3162; baseline 0.003 -28"><span class='ocrx_word' id='word_1_131' title='bbox 562 3093 580 3125; x_wconf 74' lang='grc' dir='ltr'>κ</span> <span class='ocrx_word' id='word_1_132' title='bbox 664 3084 791 3160; x_wconf 92' lang='lat' dir='ltr'>neque</span> <span class='ocrx_word' id='word_1_133' title='bbox 815 3060 959 3137; x_wconf 79' lang='lat' dir='ltr'>civium</span> <span class='ocrx_word' id='word_1_134' title='bbox 988 3059 1026 3137; x_wconf 94' lang='lat' dir='ltr'>id</span> <span class='ocrx_word' id='word_1_135' title='bbox 1049 3078 1160 3137; x_wconf 89' lang='lat' dir='ltr'>antea</span> <span class='ocrx_word' id='word_1_136' title='bbox 1190 3059 1375 3162; x_wconf 87' lang='lat' dir='ltr'>cuiquam</span> <span class='ocrx_word' id='word_1_137' title='bbox 1406 3085 1496 3137; x_wconf 91' lang='lat' dir='ltr'>con-</span> 
     </span>
     <span class='ocr_line' id='line_1_22' title="bbox 512 3190 753 3256; baseline -0.025 0"><span class='ocrx_word' id='word_1_138' title='bbox 512 3190 716 3256; x_wconf 89' lang='lat' dir='ltr'>cesserant.</span> <span class='ocrx_word' id='word_1_139' title='bbox 737 3211 753 3240; x_wconf 69' lang='lat' dir='ltr'>n</span> 
     </span>
    </p>

    <p class='ocr_par' dir='ltr' id='par_1_9' title="bbox 509 3291 1504 4083">
     <span class='ocr_line' id='line_1_23' title="bbox 560 3291 1495 3393; baseline -0.003 -24"><span class='ocrx_word' id='word_1_140' title='bbox 560 3293 629 3369; x_wconf 91' lang='lat' dir='ltr'>Vl.</span> <span class='ocrx_word' id='word_1_141' title='bbox 652 3295 684 3378; x_wconf 90' lang='grc'>5,</span> <span class='ocrx_word' id='word_1_142' title='bbox 705 3315 740 3366; x_wconf 87' lang='lat'>2.</span> <span class='ocrx_word' id='word_1_143' title='bbox 764 3320 781 3352; x_wconf 61' lang='grc' dir='ltr'><em>α</em></span> <span class='ocrx_word' id='word_1_144' title='bbox 864 3306 906 3367; x_wconf 92' lang='lat' dir='ltr'>ut</span> <span class='ocrx_word' id='word_1_145' title='bbox 933 3315 1013 3366; x_wconf 91' lang='lat' dir='ltr'>non</span> <span class='ocrx_word' id='word_1_146' title='bbox 1032 3291 1152 3393; x_wconf 90' lang='lat' dir='ltr'>possit</span> <span class='ocrx_word' id='word_1_147' title='bbox 1169 3291 1240 3367; x_wconf 90' lang='lat' dir='ltr'>ista</span> <span class='ocrx_word' id='word_1_148' title='bbox 1259 3310 1325 3367; x_wconf 89' lang='lat' dir='ltr'>aut</span> <span class='ocrx_word' id='word_1_149' title='bbox 1343 3291 1410 3367; x_wconf 86' lang='lat' dir='ltr'>tibi</span> <span class='ocrx_word' id='word_1_150' title='bbox 1429 3308 1495 3368; x_wconf 93' lang='lat' dir='ltr'>aut</span> 
     </span>
     <span class='ocr_line' id='line_1_24' title="bbox 509 3403 1500 3507; baseline -0.001 -24"><span class='ocrx_word' id='word_1_151' title='bbox 509 3403 644 3484; x_wconf 77' lang='lat' dir='ltr'>ceteris</span> <span class='ocrx_word' id='word_1_152' title='bbox 668 3403 824 3480; x_wconf 85' lang='lat' dir='ltr'>fortuna</span> <span class='ocrx_word' id='word_1_153' title='bbox 847 3430 928 3480; x_wconf 90' lang='lat' dir='ltr'>esse</span> <span class='ocrx_word' id='word_1_154' title='bbox 954 3404 1153 3493; x_wconf 88' lang='lat' dir='ltr'>diuturna,</span> <span class='ocrx_word' id='word_1_155' title='bbox 1186 3430 1312 3507; x_wconf 90' lang='lat' dir='ltr'>neque</span> <span class='ocrx_word' id='word_1_156' title='bbox 1341 3407 1500 3504; x_wconf 87' lang='lat' dir='ltr'>haerere</span> 
     </span>
     <span class='ocr_line' id='line_1_25' title="bbox 513 3511 1498 3608; baseline -0.002 -12"><span class='ocrx_word' id='word_1_157' title='bbox 513 3520 554 3596; x_wconf 92' lang='lat' dir='ltr'>in</span> <span class='ocrx_word' id='word_1_158' title='bbox 577 3533 655 3595; x_wconf 89' lang='lat' dir='ltr'>tam</span> <span class='ocrx_word' id='word_1_159' title='bbox 676 3520 779 3594; x_wconf 90' lang='lat' dir='ltr'>bona</span> <span class='ocrx_word' id='word_1_160' title='bbox 804 3544 935 3608; x_wconf 86' lang='lat' dir='ltr'>causa,</span> <span class='ocrx_word' id='word_1_161' title='bbox 967 3537 1003 3596; x_wconf 90' lang='lat' dir='ltr'>et</span> <span class='ocrx_word' id='word_1_162' title='bbox 1029 3521 1070 3596; x_wconf 93' lang='lat' dir='ltr'>in</span> <span class='ocrx_word' id='word_1_163' title='bbox 1097 3538 1175 3596; x_wconf 88' lang='lat' dir='ltr'>tam</span> <span class='ocrx_word' id='word_1_164' title='bbox 1205 3522 1318 3597; x_wconf 91' lang='lat' dir='ltr'>bonis</span> <span class='ocrx_word' id='word_1_165' title='bbox 1344 3511 1498 3597; x_wconf 69' lang='lat' dir='ltr'>civibus</span> 
     </span>
     <span class='ocr_line' id='line_1_26' title="bbox 515 3633 1500 3737; baseline 0.002 -26"><span class='ocrx_word' id='word_1_166' title='bbox 515 3649 597 3711; x_wconf 80' lang='lat' dir='ltr'>tam</span> <span class='ocrx_word' id='word_1_167' title='bbox 612 3635 749 3710; x_wconf 84' lang='lat' dir='ltr'>&#39;acerba</span> <span class='ocrx_word' id='word_1_168' title='bbox 765 3633 920 3712; x_wconf 89' lang='lat' dir='ltr'>iniuria.</span> <span class='ocrx_word' id='word_1_169' title='bbox 930 3639 1062 3732; x_wconf 87' lang='lat' dir='ltr'>Quare</span> <span class='ocrx_word' id='word_1_170' title='bbox 1076 3636 1125 3712; x_wconf 89' lang='lat' dir='ltr'>ad</span> <span class='ocrx_word' id='word_1_171' title='bbox 1143 3658 1228 3712; x_wconf 90' lang='lat' dir='ltr'>earn</span> <span class='ocrx_word' id='word_1_172' title='bbox 1244 3661 1366 3737; x_wconf 88' lang='lat' dir='ltr'>spem,</span> <span class='ocrx_word' id='word_1_173' title='bbox 1379 3659 1500 3737; x_wconf 92' lang='lat' dir='ltr'>quam</span> 
     </span>
     <span class='ocr_line' id='line_1_27' title="bbox 516 3745 1500 3852; baseline 0.001 -26"><span class='ocrx_word' id='word_1_174' title='bbox 516 3764 621 3826; x_wconf 88' lang='lat' dir='ltr'>extra</span> <span class='ocrx_word' id='word_1_175' title='bbox 635 3748 813 3825; x_wconf 87' lang='lat' dir='ltr'>ordinem</span> <span class='ocrx_word' id='word_1_176' title='bbox 829 3745 877 3824; x_wconf 90' lang='lat' dir='ltr'>de</span> <span class='ocrx_word' id='word_1_177' title='bbox 890 3765 926 3826; x_wconf 92' lang='lat' dir='ltr'>te</span> <span class='ocrx_word' id='word_1_178' title='bbox 944 3750 1028 3852; x_wconf 89' lang='lat' dir='ltr'>ipso</span> <span class='ocrx_word' id='word_1_179' title='bbox 1046 3751 1250 3839; x_wconf 83' lang='lat' dir='ltr'>habemus,</span> <span class='ocrx_word' id='word_1_180' title='bbox 1272 3769 1352 3828; x_wconf 86' lang='lat' dir='ltr'>nott</span> <span class='ocrx_word' id='word_1_181' title='bbox 1371 3753 1500 3827; x_wconf 79' lang='lat' dir='ltr'>solur&#39;r&#39;i</span> 
     </span>
     <span class='ocr_line' id='line_1_28' title="bbox 515 3864 1504 3972; baseline 0.002 -31"><span class='ocrx_word' id='word_1_182' title='bbox 515 3880 674 3972; x_wconf 89' lang='lat' dir='ltr'>propter</span> <span class='ocrx_word' id='word_1_183' title='bbox 692 3864 915 3964; x_wconf 85' lang='lat' dir='ltr'>dignitatem</span> <span class='ocrx_word' id='word_1_184' title='bbox 934 3884 969 3943; x_wconf 90' lang='lat' dir='ltr'>et</span> <span class='ocrx_word' id='word_1_185' title='bbox 985 3866 1166 3943; x_wconf 86' lang='lat' dir='ltr'>virtutem</span> <span class='ocrx_word' id='word_1_186' title='bbox 1193 3885 1315 3957; x_wconf 88' lang='lat' dir='ltr'>tuam,</span> <span class='ocrx_word' id='word_1_187' title='bbox 1401 3891 1504 3945; x_wconf 88' lang='lat' dir='ltr'>acce-</span> 
     </span>
     <span class='ocr_line' id='line_1_29' title="bbox 514 3979 1501 4083; baseline 0.001 -26"><span class='ocrx_word' id='word_1_188' title='bbox 514 3979 614 4057; x_wconf 91' lang='lat' dir='ltr'>dunt</span> <span class='ocrx_word' id='word_1_189' title='bbox 622 3995 689 4056; x_wconf 89' lang='lat' dir='ltr'>tua</span> <span class='ocrx_word' id='word_1_190' title='bbox 697 3980 907 4081; x_wconf 89' lang='lat' dir='ltr'>praecipua</span> <span class='ocrx_word' id='word_1_191' title='bbox 924 3998 1081 4083; x_wconf 91' lang='lat' dir='ltr'>propter</span> <span class='ocrx_word' id='word_1_192' title='bbox 1096 3982 1284 4058; x_wconf 86' lang='lat' dir='ltr'>eximium</span> <span class='ocrx_word' id='word_1_193' title='bbox 1303 3982 1501 4082; x_wconf 86' lang='lat' dir='ltr'>ingenium</span> 
     </span>
    </p>
   </div>
   <div class='ocr_carea' id='block_1_7' title="bbox 0 0 1691 5040">
    <p class='ocr_par' dir='ltr' id='par_1_10' title="bbox 0 0 1691 5040">
     <span class='ocr_line' id='line_1_30' title="bbox 0 0 1691 5040; baseline 0 0"><span class='ocrx_word' id='word_1_194' title='bbox 0 0 1691 5040; x_wconf 95' lang='lat' dir='ltr'> </span> 
     </span>
    </p>
   </div>
  </div>
 </body>
</html>
