3356 5040
632 503 833 566 nonanus.
1186 495 1232 558 63.

237 693 308 756 snm
332 672 412 736 nihil
431 671 507 736 dicit
528 675 579 750 (ι),
598 690 663 743 nec,
677 670 859 733 cuiusmodi
881 672 931 744 sit,
954 671 1087 752 intelligi
1112 685 1228 754 potest,

239 775 303 846 iam
319 769 491 834 videndum
511 782 569 842 est,
591 769 670 853 quid
691 770 751 832 hoc
767 769 963 851 sesquipede,
987 790 1082 849 quem
1098 773 1232 835 servavit

239 869 370 956 Apollo,
387 871 427 932 sit
441 869 631 932 faciendum.
646 868 818 944 Quaerenti
831 869 986 949 quidnam
999 868 1099 931 suffici
1115 871 1227 951 possit,

239 968 326 1050 haud
352 968 452 1030 multa
479 988 512 1029 se
537 967 615 1031 dant
640 969 674 1028 in
695 979 918 1047 conspectum;
937 987 973 1029 ac
988 970 1138 1049 pauciora
1153 967 1230 1034 fient

239 1088 286 1141 ea,
314 1087 395 1150 quae
420 1068 588 1148 excogitari
611 1077 755 1148 possunt,
781 1069 807 1128 si
825 1066 1062 1140 attenderimus,
1090 1069 1228 1150 Augusti

239 1166 436 1249 temporibus
452 1176 585 1228 auctore
599 1168 666 1228 sine
684 1165 886 1228 adiunctione
901 1167 1058 1228 carminis
1085 1165 1230 1229 nondum

240 1267 423 1346 scriptorem
445 1262 634 1344 significari;
656 1275 691 1326 ut
712 1263 904 1325 vocabulum
926 1266 1084 1327 carminis
1099 1266 1140 1327 ab
1154 1285 1230 1329 auc-

239 1377 307 1428 tore
328 1367 489 1444 seiungere
520 1384 585 1425 non
610 1363 711 1438 liceat,
736 1382 792 1425 nec
814 1364 948 1445 pendere
977 1365 1133 1446 genitivus
1159 1364 1230 1426 ullo

240 1476 332 1546 pacto
349 1465 446 1544 possit
461 1483 498 1524 ex
512 1463 575 1525 alio
590 1465 731 1525 nomine.
751 1462 829 1524 lnde
844 1463 976 1544 planum
993 1463 1042 1537 fit,
1052 1485 1119 1545 pro
1142 1483 1230 1526 nexu

240 1580 305 1623 esse
326 1580 384 1643 pro
406 1561 506 1622 nihilo
531 1560 727 1622 habendum.
756 1561 860 1623 Pluris
879 1574 985 1623 autem
1012 1582 1077 1623 non
1098 1574 1144 1624 est
1162 1582 1229 1642 pro

241 1669 338 1721 nutat:
356 1660 427 1740 quis
453 1661 538 1720 enim
563 1658 679 1732 credat,
699 1660 873 1721 Horatium
897 1660 979 1721 hanc
1005 1679 1150 1720 normam
1176 1659 1227 1721 de-

241 1757 333 1832 disse,
353 1769 388 1819 ut
414 1770 517 1838 poeta,
545 1776 691 1819 concessa
716 1757 871 1840 quidlibet
897 1757 1036 1819 audendi
1062 1770 1227 1837 potestate,

239 1857 337 1918 animi
353 1875 447 1918 causa
462 1857 524 1917 hoc
538 1868 668 1931 amaret,
685 1856 770 1918 istud
786 1862 956 1937 sperneretl
975 1858 1020 1919 Ut
1035 1857 1126 1934 illud,
1141 1856 1229 1939 quod

239 1975 341 2017 unum
359 1974 469 2016 verum
496 1975 561 2016 esse
576 1967 689 2036 potest,
707 1958 746 2016 in.
765 1955 875 2016 orbern
896 1975 994 2037 quam
1016 1958 1229 2019 arctissimum

238 2053 425 2129 adducatur,
456 2055 535 2134 quin
565 2055 748 2134 scriptorem
774 2053 900 2116 adimus
929 2055 1046 2134 ipsum,
1078 2066 1108 2116 et
1137 2055 1229 2136 quasi

238 2163 349 2214 testem
364 2153 520 2214 citamusi

281 2253 329 2311 Ac
343 2250 493 2330 primum,
508 2261 582 2312 sunt
593 2250 724 2331 quidam
736 2253 792 2333 qui
807 2271 902 2334 seque
917 2264 947 2313 et
959 2271 1016 2313 sua
1032 2264 1145 2314 cuncta
1160 2254 1228 2313 sine

240 2349 329 2409 rivali
354 2360 461 2412 ament
486 2353 525 2427 (v.
552 2351 623 2432 443)
652 2368 659 2409 :
687 2370 760 2412 cum
786 2351 873 2413 nulla
904 2371 961 2413 sua
987 2353 1121 2432 spreturi
1152 2353 1227 2426 sint,

239 2447 424 2509 excludatur
437 2449 497 2510 hoc
512 2467 612 2529 genus
626 2451 777 2511 insanum
788 2462 818 2513 et
832 2450 986 2512 Helicone
1000 2463 1030 2513 et
1046 2451 1105 2510 hac
1121 2462 1230 2512 nostra

239 2545 472 2628 disquisitione.
501 2547 567 2609 lllis
597 2567 681 2622 varo,
713 2548 769 2628 qui
799 2549 901 2608 sciunt
928 2547 1141 2608 mediocribus
1162 2566 1229 2610 esse

238 2647 338 2726 poetis
355 2666 419 2707 non
434 2645 564 2708 concedi
587 2649 679 2730 (372),
702 2657 733 2707 et
756 2658 861 2709 tamen
886 2647 994 2707 omnia
1012 2657 1131 2723 nostra,
1149 2645 1228 2708 dum

238 2756 423 2815 nascuntur,
447 2745 568 2825 placere
583 2749 632 2822 (2),
658 2765 815 2827 quaenam
835 2745 1090 2826 praecipiuntur?
1117 2747 1227 2828 Impri-

238 2845 298 2904 mis
313 2854 417 2905 totum
433 2862 549 2923 ponere
563 2857 683 2917 curent,
699 2855 734 2907 ut
749 2846 823 2913 sint,
838 2842 925 2925 quod
940 2855 1036 2923 caput
1050 2855 1107 2916 ast,
1121 2843 1225 2905 felices

237 2943 341 3023 operis
356 2960 481 3003 summa
498 2944 576 3023 (34);
594 2941 688 3003 limae
703 2941 810 3003 labore
822 2953 851 3003 et
867 2961 955 3002 mora
971 2961 1011 3002 ne
1025 2941 1226 3005 offendantur

237 3041 317 3119 (293)
333 3057 340 3096 :
354 3073 394 3083 —
410 3041 453 3100 At
469 3037 557 3098 locus
572 3037 697 3118 aliquis,
716 3056 911 3118 quamquam
931 3037 1029 3099 multa
1046 3037 1106 3108 die,
1125 3037 1227 3099 multa

237 3138 332 3200 litura
348 3139 500 3199 coercitus
515 3148 561 3198 est
577 3138 666 3216 (293),
680 3155 781 3218 quum
797 3137 928 3216 paulum
946 3155 1072 3197 summo
1084 3134 1225 3210 decedat,

238 3238 337 3317 vergit
352 3236 392 3298 ad
408 3236 618 3297 imum—Tu
634 3235 713 3297 nihil
725 3237 822 3297 invita
835 3234 919 3296 dices
934 3235 1066 3296 faciesve
1082 3237 1227 3296 Minerva

238 3320 330 3415 (385)
340 3337 452 3418 Itaque
464 3336 511 3397 bis
522 3347 631 3417 terque
645 3348 821 3417 expertus
835 3335 962 3407 frustra,
972 3333 1095 3395 delere
1110 3334 1227 3395 iuberis

269 3551 304 3614 (ι)
321 3567 337 3598 «
351 3551 383 3600 Et
394 3565 457 3600 mon
468 3566 539 3616 vers,
550 3550 611 3600 bien
623 3566 659 3600 ou
672 3550 735 3611 mal,
749 3550 787 3598 dit
798 3548 919 3612 toujours
931 3548 1048 3614 quelque
1066 3546 1156 3598 chose.
1169 3564 1187 3594 >s

892 3631 1014 3693 Boileau,
1028 3630 1077 3695 Ep.
1094 3628 1138 3680 IX.
1152 3628 1192 3679 60.

270 3714 328 3763 Hac
340 3723 400 3765 nota
411 3715 638 3775 commendantur,
647 3715 712 3780 «qui
722 3714 763 3763 sui
776 3715 890 3779 quisque
902 3714 1007 3779 generis
1023 3715 1077 3761 vim
1090 3712 1228 3778 insigniter

234 3799 367 3846 consecuti
379 3806 440 3846 sunt
451 3815 466 3844 n
479 3806 504 3846 et
516 3796 617 3847 classici
632 3795 840 3861 dicuntur,quod
853 3793 886 3843 ab
899 3796 930 3844 iis
940 3795 1027 3843 inania
1039 3802 1065 3842 et
1077 3792 1161 3842 nubes
1174 3807 1227 3841 non

236 3886 383 3943 captantur.

273 3959 309 4024 (2)
327 3958 438 4021 Quintil.
452 3961 485 4009 X.
501 3958 524 4018 3,
538 3977 562 4026 7.
