3356 5040
485 538 529 626 59,
741 547 942 598 uersromu
962 548 1011 598 nu
1032 548 1210 600 xrncuu.

483 711 565 811 tibi,
595 711 806 788 libertatem
831 711 945 787 etiam
968 712 1007 786 in
1034 715 1157 790 Bruto
1186 714 1326 811 probo,
1358 715 1472 788 vehe

485 843 633 904 menter
649 827 799 926 gaudeo
820 857 829 902 :
849 853 895 903 ac
911 843 1091 926 putaram
1110 851 1233 902 secus.
1253 865 1270 893 n

525 994 686 1056 Sententia
698 1004 745 1054 est
761 1011 769 1050 τ
789 1011 984 1074 quamquam
1000 1013 1066 1054 non
1082 1005 1230 1073 putaram
1245 993 1304 1054 tibi
1320 1013 1386 1054 non
1400 1014 1474 1074 pro-

485 1092 646 1165 baturum,
659 1104 765 1153 tamen
780 1091 917 1172 gaudeo.

536 1269 553 1300 υ
568 1238 656 1315 Nec
678 1251 858 1336 putaram
877 1259 999 1310 secus.

532 1352 645 1426 Vlll.
679 1374 714 1424 2.
746 1373 786 1444 4.
821 1353 1010 1436 Socrates,
1038 1349 1121 1448 qui,
1154 1375 1279 1448 quum
1311 1368 1393 1424 xxx
1414 1365 1472 1448 ty-

484 1466 597 1543 ranni
615 1481 753 1553 essent,
773 1463 912 1564 pedem
932 1479 1043 1562 porta
1062 1489 1143 1540 non
1161 1465 1309 1540 extulit.
1329 1504 1345 1531 n

525 1633 685 1696 Sententia
701 1651 766 1693 non
784 1644 831 1694 est
848 1633 1009 1694 Socratem
1024 1631 1053 1705 ἐξ
1069 1639 1173 1705 ἄστεος
1195 1651 1260 1692 non
1275 1633 1396 1703 exiisse,
1416 1631 1471 1693 sed

482 1733 571 1796 domi
591 1753 624 1794 se
642 1732 845 1794 continuisse.
866 1733 925 1802 Vl,
945 1734 973 1808 3,
996 1734 1026 1795 5.
1053 1731 1158 1808 «Qui,
1176 1730 1254 1792 dum
1268 1751 1353 1793 unus
1369 1731 1471 1794 hostis

482 1833 516 1892 in
532 1831 624 1913 Syria
639 1831 709 1904 luit,
727 1830 837 1910 pedem
853 1843 944 1908 porta
959 1849 1024 1890 non
1040 1829 1113 1910 plus
1123 1827 1245 1901 extulit,
1259 1848 1358 1910 quam
1373 1828 1473 1891 domo

483 1949 552 1992 sua.
568 1952 583 1987 r

534 2108 553 2140 ι
636 2075 775 2176 pedem
781 2079 902 2172 foras
920 2099 1000 2149 non
1018 2072 1163 2149 extulit.
1185 2109 1202 2138 n

530 2193 643 2268 Vlll.
677 2215 736 2282 11.
764 2213 806 2284 4,
835 2219 852 2250 u
870 2191 954 2264 Nec
984 2204 1063 2263 tam
1094 2186 1121 2281 's
1146 2185 1240 2284 iptio
1272 2184 1471 2284 pertimes-

483 2307 651 2383 cenda...
676 2331 796 2405 quam
819 2306 846 2401 ’ς
869 2304 1094 2379 universam
1113 2301 1317 2376 interitus:
1345 2315 1470 2375 tantas

483 2423 523 2497 in
541 2421 781 2519 confligendo
797 2421 1000 2519 utriusque
1015 2419 1117 2494 vires
1129 2417 1245 2491 video
1264 2417 1428 2491 futuras.
1448 2457 1468 2484 η

533 2571 551 2601 α
568 2541 653 2613 Nec
670 2554 749 2611 tam
767 2538 912 2610 excisio
931 2536 1054 2634 partis
1072 2534 1325 2608 metuenda...
1346 2557 1467 2631 quam

482 2656 702 2728 universum
739 2665 913 2727 nostrum
937 2653 1102 2724 exitium
1141 2679 1148 2724 :
1182 2663 1353 2723 tantas...
1389 2650 1469 2722 iras

480 2767 595 2842 video
613 2768 776 2842 futuras.
796 2805 812 2831 n

534 2886 601 2959 lx.
629 2908 685 2958 ιο.
708 2908 740 2958 2.
767 2914 783 2942 u
803 2885 870 2956 Me
887 2907 966 2955 una
984 2881 1079 2955 haec
1107 2904 1167 2954 res
1188 2892 1340 2976 torquet
1360 2875 1467 2975 quod

480 3023 606 3073 non...
635 2997 871 3096 Pompeium
895 3013 1101 3093 tamquam
1126 3018 1229 3067 unus
1253 2991 1470 3090 manipula·

479 3113 531 3187 ris
549 3129 701 3188 secutus
731 3113 852 3186 sim...
881 3111 977 3209 quid
1009 3109 1193 3209 quaeris?
1225 3106 1323 3181 sicut
1354 3115 1469 3190 ἐντοῖς

478 3235 627 3326 ἐρωτικοῖς
643 3229 810 3302 alienant
826 3227 1068 3310 immundae,
1091 3223 1309 3307 indecorae,
1331 3221 1386 3296 sic
1406 3246 1469 3295 me

478 3340 581 3416 illius
599 3343 708 3438 fugae
726 3341 1051 3439 negligentiaeque
1078 3337 1305 3413 deformitas
1332 3335 1468 3410 avertit

478 3461 529 3531 ab
547 3482 694 3531 amore.
718 3495 733 3520 π

523 3625 615 3686 Unus
635 3637 728 3686 natus
749 3637 796 3685 est
817 3644 854 3684 ex
868 3625 914 3684 mi
929 3623 990 3699 (cf.
1009 3623 1136 3702 Hagen,
1153 3640 1185 3702 p.
1200 3626 1251 3704 ⁰72,
1269 3633 1305 3681 n⁰
1320 3621 1358 3681 23
1373 3640 1381 3679 :
1397 3617 1469 3678 uini

478 3753 517 3774 =
532 3724 598 3798 mi),
616 3724 629 3783 I
642 3736 748 3784 autem
764 3744 822 3804 pro
837 3721 1025 3804 compendio
1041 3739 1080 3782 us
1093 3721 1251 3782 habitum.

518 3859 558 3867 -
574 3823 661 3886 Orel.
681 3825 797 3885 Baiter.
814 3829 852 3898 (ι)
872 3822 1042 3912 εέρωτικοῐς
1064 3821 1212 3880 alienant
1231 3817 1307 3877 ruri
1327 3816 1467 3875 immun-

507 4012 544 4074 (ι)
560 4011 610 4062 Ed.
628 4010 698 4070 1865,
712 4013 787 4062 cuius
798 4027 872 4070 usus,
891 4013 958 4060 sicut
979 4019 1005 4058 et
1024 4005 1275 4073 Wesenbergianae,
1287 4005 1414 4070 exiguum
1431 4000 1466 4050 ad

475 4102 582 4158 tempus
593 4109 608 4142 a
620 4094 738 4145 custode.
754 4093 821 4148 Bibl.
835 4091 918 4144 schol.
932 4105 1071 4142 concessus
1085 4087 1145 4142 mit.
