3356 5040
632 623 701 674 mn.
727 623 763 674 n.
1155 633 1191 697 19

256 825 272 854 u
290 791 480 867 Dentibus
499 807 628 866 autem
647 791 688 865 in
703 815 769 866 ore
782 791 1010 866 constructis
1025 793 1187 867 manda·

201 919 279 996 tur,
302 909 429 1004 itaque
445 920 672 980 extenuatur
686 905 759 980 illis
777 920 811 980 et
832 906 990 982 molitur
1009 905 1131 994 cibus,
1148 918 1191 980 ut

201 1046 339 1097 eorum
370 1019 522 1096 adversi
553 1020 655 1096 acuti
691 1044 825 1095 morsu
857 1021 1033 1096 dividant
1066 1043 1185 1109 escas,

202 1136 327 1212 intimi
361 1151 490 1211 autem
522 1137 740 1234 conficiant.
763 1172 779 1202 n
812 1135 908 1236 [Qui
938 1135 1095 1234 genuini
1121 1161 1188 1211 vo·

200 1251 368 1350 cantur.]

252 1369 377 1444 LVII.
401 1369 481 1464 143.
494 1366 749 1466 Munitaeque
764 1382 853 1442 sunt
866 1368 1074 1466 palpebrae
1088 1384 1184 1442 tam·

199 1508 319 1582 quam
338 1484 440 1558 vallo
460 1481 646 1582 pilorum,
667 1481 815 1582 quibus
834 1499 869 1557 et
887 1482 1029 1582 apertis
1046 1482 1182 1571 oculis,

199 1599 230 1673 si
250 1597 345 1698 quid
365 1597 562 1686 incideret,
576 1598 838 1695 repelleretur,
869 1613 905 1672 et
922 1622 1062 1672 somno
1080 1597 1185 1673 coni-

199 1715 392 1803 ventibus
412 1739 503 1790 cum
523 1715 647 1790 oculis
670 1714 719 1789 ad
745 1713 984 1790 cernendum
1005 1739 1084 1790 non
1109 1740 1187 1816 ege·

206 1855 345 1920 remus,
378 1831 405 1926 †
438 1846 478 1906 ut
505 1834 573 1930 qui
600 1845 802 1929 tamquam
831 1829 994 1905 involuti
1020 1830 1189 1929 quiesce-

205 1961 302 2021 rent.
321 1983 337 2013 n

244 2103 329 2167 Adn.
346 2106 415 2167 crit.
431 2139 471 2150 —
504 2105 625 2167 Oculi?
642 2105 761 2166 culcita
784 2104 910 2167 Tittler.
935 2104 1086 2168 Fleckeis.
1108 2125 1191 2170 ann.

202 2204 311 2268 XCIX
326 2223 359 2286 p.
375 2205 447 2286 498.
465 2238 505 2248 —
518 2205 594 2268 Non
619 2223 796 2286 egeremus,
824 2214 1047 2286 tegerentur
1072 2214 1107 2265 ut
1131 2206 1189 2286 qui

203 2301 325 2366 Goethe
342 2336 384 2347 -
405 2303 448 2365 Ut
468 2301 525 2383 qui
543 2321 645 2362 unum
661 2303 686 2362 si
701 2300 867 2363 emendare
888 2301 1036 2377 volueris,
1057 2305 1187 2384 nequic-

202 2421 299 2484 quam
314 2413 345 2464 te
359 2413 519 2475 conteres;
543 2400 638 2463 altius
653 2400 816 2482 aliquanto
838 2420 885 2463 res
901 2399 1090 2481 repetenda:
1111 2402 1187 2462 sub·

201 2499 337 2562 absurde
362 2501 447 2560 enim
468 2498 593 2571 dicitur,
608 2497 732 2560 clausos
747 2499 857 2561 oculos
869 2497 910 2560 ad
924 2498 1117 2561 cernendum
1134 2519 1188 2562 ne-

201 2600 351 2662 cessarios
367 2618 431 2660 non
441 2617 532 2672 ·esse;
550 2597 626 2659 velis
642 2597 735 2667 nolis,
748 2596 901 2679 quamdiu
922 2592 987 2660 non
1001 2597 1183 2679 dispexeris,

201 2696 273 2779 plus
298 2716 363 2759 non
388 2715 495 2758 cernes
510 2715 608 2778 quam
635 2699 661 2758 si
685 2697 785 2759 oculis
807 2711 917 2779 captus
939 2700 982 2760 sis
1000 2721 1007 2762 :
1025 2699 1086 2760 nisi
1108 2698 1186 2762 forte

201 2814 238 2857 eo
264 2813 377 2876 sopore
401 2792 524 2855 lumina
549 2807 712 2875 urgentur,
729 2797 819 2878 quia
843 2796 1002 2859 Mercurio
1028 2797 1187 2859 conciliari

201 2894 279 2956 olim
294 2893 431 2956 creditus
445 2905 491 2956 est
509 2916 516 2956 :
536 2917 549 2953 u
567 2895 665 2971 Quid,
682 2895 712 2956 si
726 2896 818 2957 illum
837 2897 966 2958 tractim
989 2907 1135 2978 tangam,
1153 2908 1190 2958 ut

201 2992 372 3054 dormiat»
390 2992 550 3074 Amphitr.
570 2993 595 3068 l,
618 3014 642 3056 1.
667 2996 733 3077 157.
759 2993 809 3056 cf.
837 2995 937 3056 Hom.
956 2994 1056 3076 Odys.
1075 2995 1117 3060 V.
1133 3017 1186 3078 47.

202 3097 307 3174 Atque
336 3093 392 3173 qui
418 3103 519 3154 artem
546 3090 632 3153 illam
662 3092 882 3155 Mercurialem
911 3094 960 3155 his
990 3095 1187 3175 temporibus

201 3190 400 3272 profitentur,
427 3202 571 3253 asserunt
596 3210 629 3251 se
653 3189 772 3253 efficere
787 3203 833 3268 ut,
858 3194 883 3254 si
909 3212 1005 3274 quem
1020 3193 1184 3273 sopierint,

200 3289 252 3351 ille
267 3291 384 3372 opertis
398 3289 498 3351 oculis
514 3289 693 3352 involutum
710 3290 827 3352 librum
843 3291 926 3374 legat
943 3315 950 3355 :
968 3293 1028 3356 hoc
1048 3291 1145 3355 modo
1161 3293 1187 3353 si

202 3407 248 3450 res
264 3389 416 3462 sehabet,
434 3389 532 3448 miror
547 3387 635 3469 quod
650 3407 719 3450 eam
735 3388 879 3452 nondum
894 3391 940 3453 illi
958 3398 1009 3456 τοῦ
1026 3391 1184 3478 ψυχοπομ-

201 3488 257 3551 ποῦ
287 3486 444 3548 asseculae
473 3486 534 3547 huc
563 3485 771 3558 deduxerunt,
804 3502 839 3550 ut
866 3489 1185 3571 caecigenus'aliquis

201 3585 310 3661 homo,
329 3585 432 3647 «solis
450 3585 507 3666 qui
528 3585 653 3646 lumina
676 3605 841 3667 nunquam
858 3588 1071 3668 adspexerit»
1089 3598 1119 3649 et
1134 3587 1185 3648 cui

203 3705 216 3741 l
235 3702 299 3744 non
317 3682 467 3764 frigidus
487 3682 647 3744 obstiterit
666 3684 756 3744 circa
774 3686 975 3764 praecordia
995 3687 1142 3767 sanguis,
1170 3707 1184 3743 »

204 3780 333 3844 lliadem
346 3784 408 3843 iam
426 3781 562 3845 recitarit
576 3782 750 3844 ventriculo
775 3785 967 3865 impositam.
987 3787 1054 3847 Nec
1069 3797 1186 3848 stoma-

201 3882 365 3943 charemur
393 3903 400 3945 :
430 3883 474 3942 sic
495 3883 580 3942 enim
602 3880 740 3943 dilucide
762 3882 954 3957 doceremur,
974 3893 1125 3965 «quanta
1144 3884 1187 3944 sit

201 3980 305 4042 animi
325 3980 373 4042 vis
393 3980 538 4041 seiuncta
560 3998 581 4040 a
603 3981 750 4060 corporis
770 3981 924 4043 sensibus.
942 4004 955 4040 l
974 3983 1021 4044 De
1037 3983 1147 4044 Divin.
1159 3982 1185 4055 l,

203 4083 251 4163 57.
280 4100 348 4162 129.
372 4078 424 4141 Ad
439 4077 526 4160 quod
541 4081 635 4140 etiam
652 4077 726 4140 facit
744 4097 750 4136 :
768 4079 866 4141 Mens
884 4081 968 4141 enim
995 4081 1074 4161 ipsa,
1103 4097 1186 4160 quae

200 4198 373 4242 sensuum
393 4177 490 4260 fons
514 4188 598 4242 est...
618 4200 631 4236 n
649 4176 746 4239 Acad.
767 4178 808 4252 ll,
832 4201 876 4252 to,
897 4181 946 4244 30.
967 4180 1055 4243 Nihil
1076 4178 1187 4260 despe-
