3356 5040
643 548 802 598 orturus.
1178 557 1216 628 ²0

282 752 298 781 a
315 722 440 815 Atque
458 718 529 790 cito
550 715 686 815 possiS,
709 740 813 813 rogo.
835 754 851 782 „

277 833 403 906 XVII.
435 833 494 905 65.
533 863 548 890 a
569 830 673 904 Licet
703 856 748 904 ex
780 831 840 904 his
871 832 1009 927 eligant
1040 855 1084 904 ea
1115 857 1216 930 quae

227 946 423 1021 notatione
441 962 477 1019 et
496 945 608 1019 laude
627 945 743 1042 digna
763 945 851 1034 sint,
869 971 1005 1021 ornnes
1024 947 1215 1022 oratoriae

225 1065 386 1135 virtutes
405 1059 445 1134 in
465 1059 512 1133 iis
530 1059 782 1157 reperientur.
803 1098 819 1126 ‚2

282 1212 296 1238 u
314 1177 471 1250 Scilicet
489 1199 534 1248 ex
553 1174 614 1247 his
632 1177 832 1273 eligantur
857 1200 1002 1273 quae...
1024 1215 1039 1243 η

276 1292 414 1365 XCIV.
432 1295 516 1385 324.
538 1320 554 1350 α
574 1292 758 1384 Quum...
771 1290 821 1364 ad
840 1315 976 1365 causas
996 1291 1216 1366 simillimas

226 1405 324 1478 inter
351 1430 390 1478 se
418 1406 477 1476 vel
504 1402 632 1501 potius
659 1403 816 1477 easdem
850 1403 940 1477 novi
966 1405 1218 1480 veniebamus

224 1520 377 1596 cotidie.
392 1519 547 1614 Quibus
560 1516 721 1616 quidem
737 1517 863 1593 causis
878 1533 918 1592 tu
940 1518 1069 1603 etiam,
1083 1523 1214 1607 Brute,

225 1653 379 1735 praesto
408 1634 528 1722 fuisti,
557 1633 860 1731 compluresque
889 1649 924 1707 et
951 1633 1156 1710 nobiscum
1182 1651 1218 1738 et

226 1751 334 1825 solus
349 1749 468 1847 egisti,
489 1748 618 1847 utqui
648 1773 726 1822 non
752 1749 842 1822 satis
861 1747 928 1822 diu
955 1746 1091 1823 vixerit
1112 1753 1216 1825 Hor-

224 1867 386 1952 tensius
420 1881 548 1940 tamen
581 1865 686 1939 hunc
717 1889 875 1939 cursum
913 1866 1146 1941 confecerit:

228 1980 392 2058 Dicendi
412 1997 540 2054 autern
560 2005 679 2076 genus
704 1979 811 2077 quod
835 1980 947 2054 fuerit
972 1980 1011 2054 in
1037 1997 1215 2081 utroque,

228 2097 423 2172 orationes
450 2095 653 2193 utriusque
680 2095 794 2170 etiam
814 2095 974 2194 posteris
995 2096 1132 2172 nostris
1160 2098 1215 2173 in-

226 2212 467 2286 dicabunt.»

283 2359 298 2386 u
384 2325 639 2400 veniebamus
657 2325 794 2400 cotidie
819 2371 867 2380 —
891 2327 1035 2424 quibus
1053 2328 1214 2426 quidem

228 2441 356 2518 causis
375 2456 414 2515 tu
435 2440 563 2525 etiam,
589 2443 720 2525 Brute,
743 2457 892 2539 praesto
911 2441 1014 2517 fuisti
1039 2487 1087 2496 -
1110 2467 1215 2517 com-

228 2559 437 2658 pluresque
458 2573 492 2631 et
515 2556 721 2630 nobiscum
743 2572 778 2630 et
802 2557 907 2630 solus
922 2560 1004 2656 egit
1023 2560 1068 2644 is,
1086 2575 1127 2633 ut
1146 2559 1215 2658 qui

229 2698 307 2766 non
327 2672 416 2747 satis
432 2671 498 2746 diu
517 2671 651 2746 vixerit
661 2675 756 2766 foro
775 2696 845 2746 nec
861 2675 954 2759 suis,
968 2688 1098 2749 tamen
1110 2675 1216 2750 hunc

229 2812 387 2864 cursum
407 2786 658 2861 confecerit...
672 2785 861 2860 orationes
881 2787 1082 2887 utriusque
1097 2789 1211 2864 etiam

228 2901 392 3002 posteris
410 2913 565 2975 nostrae
583 2900 820 2975 indicabunt.
849 2939 865 2968 ,ᾳ

280 3018 451 3092 MCVII.
473 3017 549 3091 333.
581 3046 596 3075 a
616 3015 727 3090 Nihil
752 3015 839 3090 dico
858 3017 1040 3115 amplius
1062 3033 1214 3092 tantum

229 3133 316 3208 dico
335 3131 423 3206 :etsi
442 3156 604 3229 operosa
619 3145 674 3205 est
689 3134 883 3207 contentio
898 3157 943 3208 ac
957 3133 1213 3222 concursatio

228 3269 356 3326 tamen
383 3248 502 3345 magis
526 3263 793 3346 opportunum
807 3251 916 3346 fore,
947 3249 977 3323 si
1004 3249 1100 3324 mihi
1123 3249 1217 3325 acci·

229 3366 355 3449 disset,
379 3380 419 3439 ut
438 3387 664 3438 numerarer
693 3388 804 3450 unus,
826 3389 944 3461 quam
972 3375 1013 3438 ut
1034 3388 1216 3438 numera-

229 3508 293 3557 rer
312 3484 352 3556 in
372 3480 515 3557 multis.
535 3517 550 3546 n

283 3632 299 3660 a
319 3595 428 3672 Nihil
451 3595 498 3668 de
524 3594 591 3669 illo
617 3594 786 3692 amplius
808 3622 815 3666 ε
839 3609 987 3668 tanturn
1018 3593 1119 3679 dic0,
1149 3593 1216 3667 etsi

228 3736 389 3810 operosa
404 3725 458 3785 est
471 3735 517 3784 ea
531 3710 778 3795 concertatio,
796 3724 925 3783 tamen
941 3708 1060 3805 magis
1075 3731 1216 3807 oppor-

228 3843 368 3901 tunum
399 3826 457 3901 rei
478 3826 659 3925 publicae
685 3828 867 3918 futurum
888 3825 1028 3918 fuisse,
1059 3823 1090 3897 si
1119 3822 1214 3896 mihi

227 3938 425 4015 accidisset
440 3955 483 4014 ut
497 3962 722 4015 numerarer
737 3963 841 4013 unus
854 3939 995 4036 aliquis
1013 3941 1053 4013 in
1070 3939 1211 4023 multis,

230 4078 350 4153 quam
370 4071 411 4129 ut
429 4054 525 4129 alter
542 4077 771 4128 numerarer
788 4078 808 4127 e
824 4053 983 4128 duobus
