3356 5040
449 567 487 636 38
836 561 1031 634 ’νιεοειιλ

493 780 507 817 ιι
585 752 723 825 Σύνθεσις
746 749 829 827 ὕλης
854 755 904 816 καί
921 753 1073 840 ὑγιείας.»

498 855 772 933 DEMOS'THEN,
784 860 930 944 XVIII,
950 859 1003 933 13.
1029 893 1043 921 a
1060 855 1135 924 AII’
1153 857 1197 949 ἐφ’
1212 856 1258 932 οἷς
1274 856 1435 924 ἀδικοῦντα

446 971 560 1062 μ’ἑώρα
576 977 628 1048 τήν
652 973 750 1050 πόλιν,
770 969 837 1038 οὖσί
853 998 885 1062 γε
903 971 1085 1048 τηλικούτοις
1101 974 1195 1052 ἡλίκα
1211 981 1262 1039 νῦν
1274 972 1436 1068 ἐτραγῴδει

445 1079 497 1143 καί
516 1073 634 1172 διεξῄει,
662 1081 728 1154 ταῖς
749 1079 780 1145 ἐκ
804 1081 863 1144 τῶν
888 1082 986 1168 νόμων
1009 1082 1166 1171 τιμωρίαις
1190 1083 1261 1173 παρ’
1280 1083 1357 1146 αὐτὰ
1380 1082 1435 1144 τοί-

446 1183 598 1271 δικήματα
614 1188 804 1274 χρῆσθαι,...
825 1223 840 1250 n

487 1343 632 1406 Verbum
647 1344 743 1417 deest,
761 1364 798 1406 ex
810 1363 874 1425 quo
890 1342 1026 1424 pendere
1041 1342 1133 1406 debet
1147 1342 1324 1407 infinitivus
1339 1353 1434 1432 χρῆσ-

445 1442 495 1504 θαι
525 1463 532 1501 :
564 1444 773 1521 quamobrem
802 1441 949 1504 Reiskius
985 1439 1061 1507 ἔδει
1085 1440 1217 1532 χρῆσθαι
1233 1447 1367 1527 scripsit.
1384 1446 1435 1508 καί

448 1533 555 1632 διεξῄει
581 1543 640 1606 del.
670 1543 811 1605 Cobetus
838 1542 926 1602 misc.
953 1542 1021 1602 crit.
1044 1560 1077 1621 p.
1100 1543 1172 1624 476.
1198 1544 1266 1606 Sub
1280 1545 1342 1608 hoc
1356 1572 1384 1614 κ.
1404 1546 1434 1616 θ.

449 1647 637 1729 requisitum
653 1642 782 1703 verbum
799 1640 893 1702 latere
907 1652 998 1722 puto,

504 1824 520 1852 ι
620 1790 713 1870 ἡλίκα
739 1790 791 1853 νῦν
820 1785 988 1877 ἐτραγῴδει,
1001 1789 1036 1860 νὴ
1064 1789 1112 1850 Δί’
1128 1785 1191 1862 ἐξῆν
1222 1798 1290 1865 ταῖς
1319 1790 1350 1855 ἐκ
1377 1799 1434 1857 τῶν

449 1910 547 1996 νόμων
571 1908 770 1995 τιμωρίαις...
797 1899 969 1991 χρῆσθαι...
996 1937 1012 1967 n

501 2022 607 2096 Stob.
631 2016 805 2112 Florileg.
829 2018 859 2089 l.
877 2039 915 2112 p.
938 2017 1038 2112 2(1).

541 2194 555 2231 ιι
575 2167 685 2259 Ἀρετὴ
709 2163 801 2252 δ’ὅσιρ
826 2187 878 2250 περ
903 2160 1019 2248 μᾶλλον
1044 2162 1080 2227 ἀν
1096 2168 1228 2254 χρῆσθαι
1243 2165 1343 2261 θέλῃς,

538 2272 656 2360 Τοσῴδε
674 2270 790 2360 μοῐλλον
815 2269 934 2344 αὔξεται
948 2268 1149 2356 τελουμένη.»

496 2445 509 2481 ι
529 2415 680 2502 Ἀρετῇ...
698 2408 856 2494 Τοσιιδε...
877 2408 996 2482 αὔξεται
1014 2406 1192 2497 τελουμὲνιρ.
1215 2435 1229 2472 ιι

500 2522 557 2596 lb,
577 2544 665 2616 407,
690 2547 703 2583 ιι
723 2525 761 2593 ὡς
778 2517 830 2581 οὐκ
854 2519 934 2581 ἐ’στιν
959 2522 999 2591 ὡς
1023 2515 1146 2581 ἐπιπολν
1173 2517 1339 2607 ἀνθρώποις
1360 2519 1435 2587 ἄλλο

447 2633 584 2719 συγγενὲς
600 2629 672 2719 πρὸς
689 2627 769 2702 θεοὺς
782 2625 973 2713 παίδευμα...
991 2625 1098 2715 ἀνδρία
1113 2629 1171 2717 γὰρ
1187 2627 1318 2704 κάλλους
1331 2629 1436 2718 ἔλαχεν

447 2741 565 2802 ἔπαινον
577 2737 624 2800 ἐπὶ
644 2740 781 2827 φρονήσει
798 2737 937 2821 τέχνης.»

494 2882 621 2974 Ἀνδρία
640 2883 765 2944 videtur
776 2881 817 2943 ad
828 2881 1065 2963 typothetarum
1077 2901 1214 2944 errorem
1225 2884 1435 2948 referendum.

495 3053 508 3089 ιι
528 3074 565 3093 ...
581 3025 653 3112 πρὸς
669 3022 750 3100 θεοὺς
766 3025 784 3098 ἧ
800 3020 993 3108 παίδευμα...
1011 3019 1154 3108 Ἀνδρίας
1169 3023 1269 3113 γὰρ...
1294 3045 1307 3081 ιι

492 3130 630 3204 Athen.
652 3131 764 3204 XIII.
787 3131 864 3205 555,
884 3130 921 3202 b,
945 3129 1003 3220 (2)
1028 3155 1041 3192 ιι
1058 3128 1212 3214 Ἐγένοντο
1228 3131 1286 3217 γὰρ
1302 3131 1435 3219 καὶπερὶ

446 3245 585 3327 γαμετῶν
612 3239 664 3300 καί
691 3239 816 3327 ἑταιρῶν
837 3233 982 3308 πολλάκις
1009 3231 1103 3322 λόγοι,
1123 3231 1233 3299 εἰδόσιν
1260 3234 1438 3324 ἐκτιθέμενοι

449 3343 503 3419 τὴν
522 3345 666 3432 ἱστορίαν.
690 3367 703 3402 ιι

498 3472 566 3517 ιι...
594 3447 734 3514 ἔνδοσιν
759 3448 935 3535 ἐκτιθέμενοι
951 3458 1011 3522 τῆς
1036 3448 1244 3536 ἱστορίας.»

501 3556 715 3630 PORPHYR.
748 3575 846 3630 νιτΑ
874 3557 1050 3628 Ριοτιιι.
1084 3556 1165 3648 54.
1195 3552 1248 3627 in.
1278 3555 1337 3650 (3).
1361 3556 1439 3640 «Τῷ

452 3668 567 3758 δεκάτῳ
591 3669 623 3737 δε
646 3675 702 3736 ἔτει
726 3681 777 3748 τῆς
803 3673 827 3735 Γ
830 3668 950 3746 αλιήνου
978 3668 1168 3757 βασιλείας»
1195 3677 1266 3734 «τῶ
1293 3669 1380 3756 ἕκτῳ
1407 3667 1439 3735 δὲ

452 3803 549 3846 ιτει...
569 3807 583 3845 ν

485 3968 520 4033 (ι)
540 3968 655 4036 Recogn.
669 3968 701 4017 Α.
716 3967 846 4022 Meineke.
864 3963 933 4019 1885.

484 4048 519 4114 (α)
537 4049 653 4117 Recogn.
666 4050 698 4101 Α.
713 4047 841 4101 Meineke.
860 4047 930 4115 1859.

486 4129 523 4196 (3)
540 4129 637 4180 Plotini
649 4145 742 4198 opera.
756 4144 845 4197 recog.
860 4127 986 4179 Kirchoff.
1004 4126 1074 4179 1856.
