3356 5040
481 552 518 616 14
778 543 935 594 TUSCUL.
961 543 1051 594 DlSP.
1079 544 1110 593 L.
1136 544 1158 594 l.

528 745 543 774 u
561 713 646 787 Nos
663 712 832 810 profecto
849 728 884 786 et
901 711 1037 785 melius
1056 727 1211 785 tuemur
1229 728 1263 786 et
1281 713 1421 787 castius
1442 748 1459 780 s

522 830 607 902 XL.
640 851 699 923 97,
811 827 841 900 si
876 842 1038 901 mortem
1073 827 1223 900 malum
1256 826 1458 903 iudicaret.

472 940 588 1019 Vadit
605 941 708 1016 enirn
728 941 768 1016 in
786 940 952 1015 eundem
973 966 1165 1016 carcerem
1181 957 1297 1040 atque
1311 941 1351 1016 in
1368 968 1461 1017 eun-

474 1057 1459 1158 dempaucispostannisscyphumSocrateseodem

475 1174 614 1249 scelere
641 1172 829 1260 iudicum,
859 1196 938 1271 quo
964 1186 1221 1271 tyrannorum
1249 1173 1461 1247 Therame-

474 1313 555 1363 nes.
578 1291 689 1383 Quae
707 1303 762 1362 est
780 1285 891 1384 igitur
910 1286 992 1361 eius
1010 1285 1179 1362 oratio...
1198 1293 1213 1360 ‘l

513 1451 598 1514 Adn.
617 1453 685 1513 crit.
702 1488 743 1498 -
757 1453 856 1514 Enim
871 1472 889 1513 a
913 1453 1021 1516 multis
1037 1455 1070 1514 in
1086 1454 1296 1534 suspicionem
1312 1467 1460 1519 vocatum

471 1570 556 1612 nunc
571 1572 588 1612 a
604 1550 761 1633 plerisque
775 1551 949 1614 editoribus
966 1553 1098 1615 eiectum
1113 1564 1171 1627 est,
1185 1573 1202 1613 a
1219 1553 1345 1616 Baitero
1359 1555 1392 1614 in
1407 1553 1457 1616 ed.

470 1652 569 1726 min.;
587 1653 693 1732 ipsum
707 1652 839 1713 verbum
854 1651 944 1712 vadit
959 1653 1116 1712 neminem
1138 1650 1304 1713 offendisse
1319 1651 1453 1714 videtur.

471 1750 540 1830 Ego
552 1752 660 1825 miror,
674 1749 752 1830 quid
764 1752 803 1813 sit
814 1751 847 1811 in
857 1750 1014 1832 scyphum
1029 1750 1158 1827 vadere,
1176 1751 1340 1832 multoque
1356 1754 1458 1832 magis

469 1868 655 1929 praesensne
669 1861 794 1930 tempus
816 1849 959 1911 videatur
980 1849 1071 1910 vadit
1090 1870 1131 1910 an
1146 1850 1330 1930 perfectum.
1346 1886 1388 1896 —
1405 1850 1456 1913 llli

468 1947 559 2010 vadit
586 1949 671 2010 enim
697 1948 851 2010 vocabula
884 1948 949 2009 duo
978 1949 1105 2010 subesse
1132 1948 1290 2024 videntur,
1321 1950 1455 2014 alterum

468 2049 626 2122 movendi,
653 2049 699 2133 (in
726 2050 861 2112 eundem
888 2049 1079 2124 carcerem),
1097 2050 1230 2111 alterum
1255 2049 1342 2130 quod
1357 2049 1397 2112 ad
1419 2070 1454 2111 ea

467 2147 654 2230 respondeat
683 2167 764 2230 quae
789 2159 966 2229 sequuntur
994 2170 1000 2210 :
1032 2169 1044 2206 u
1063 2148 1154 2223 Quae
1182 2157 1230 2209 est
1256 2149 1360 2230 igitur
1388 2149 1456 2210 eius

468 2246 752 2311 oratiohtSnblato
764 2247 858 2316 enim,
868 2247 1037 2328 requiritur
1048 2246 1110 2307 alia
1122 2246 1276 2327 quaedam
1289 2247 1453 2328 particula,

469 2367 550 2430 quae
564 2349 801 2410 concitatiorem
816 2347 915 2407 animi
937 2359 1061 2409 motum
1084 2345 1200 2408 indicet
1222 2344 1327 2427 (Seyff.
1346 2345 1453 2409 Schol.

467 2446 523 2510 lat.
544 2448 557 2511 Ι
573 2451 591 2525 ἕ
608 2449 666 2525 21),
684 2459 780 2527 atque
795 2447 836 2507 ab
851 2444 1054 2508 antecedente
1068 2454 1098 2507 et
1112 2457 1221 2507 vorata
1237 2457 1295 2508 est.

517 2631 534 2662 α
552 2603 611 2676 At
628 2601 752 2676 videte
769 2609 923 2673 euntem
943 2597 983 2672 in
1003 2597 1171 2672 eundem
1190 2620 1384 2673 carcerem
1403 2597 1457 2671 ad

467 2716 645 2814 iniquum
664 2713 833 2788 eundem
859 2711 995 2812 paucis
1022 2729 1107 2812 post
1125 2713 1239 2787 annis
1258 2714 1451 2812 scyphum

466 2831 712 2906 Socratem...
734 2868 750 2897 „

762 3157 878 3215 TUSC.
907 3158 1010 3215 DISP.
1034 3157 1071 3213 L.
1095 3157 1155 3214 lll.

515 3355 694 3430 XXXIV.
718 3357 776 3429 82.
801 3385 817 3416 a
836 3352 899 3429 Sic
916 3351 1174 3451 philosophia,
1192 3374 1284 3426 cum
1303 3350 1456 3425 univer-

467 3496 551 3547 sam
582 3469 859 3568 aegritudinem
888 3468 1053 3557 sustulit,
1081 3468 1236 3544 sustulit
1261 3465 1389 3552 etiam‚
1421 3464 1453 3539 si

468 3585 557 3685 quis
571 3610 676 3660 error
694 3583 872 3661 alicunde
890 3583 1053 3659 extitit...
1076 3623 1093 3654 2

519 3733 535 3764 a
567 3703 669 3778 Cum
707 3700 929 3777 universam
971 3698 1249 3798 aegritudinem
1285 3695 1452 3786 sustulit,

467 3816 565 3893 tollit
582 3817 709 3892 etiam.
731 3855 747 3886 η
