3356 5040
425 541 466 617 64
816 553 1018 604 nonarius

420 715 451 764 et
466 703 547 764 male
568 715 709 766 tornatos
731 704 838 766 incudi
854 704 981 766 reddere
995 726 1103 768 ”ersus
1119 709 1209 790 (440).
1228 715 1410 790 Auctorque

421 813 466 863 est
483 803 645 863 Homerus
663 825 670 864 :
688 805 714 863 is
729 805 824 879 enim,
843 823 924 886 quae
940 803 1115 886 desperat
1135 819 1296 869 tractata
1316 809 1411 869 nites-

420 918 487 960 cere
502 918 604 979 posse‚
614 899 763 980 relinquit
774 904 865 978 (150).
880 903 928 963 Ex
941 901 989 962 his
1002 921 1108 963 nonne
1121 916 1205 984 patet
1224 906 1409 981 Horatium,

420 999 476 1079 qui
497 999 601 1078 arguit
621 1000 688 1079 ipse
702 1018 795 1060 omne
810 999 960 1079 ambigue
973 1000 1093 1062 dictum
1106 1005 1195 1086 (449),
1211 1003 1243 1063 h.
1257 1003 1278 1064 l.
1297 1003 1410 1065 diserte

420 1095 552 1156 scribere
577 1096 732 1168 debuisse,
761 1117 796 1158 ea
823 1097 987 1159 retinenda
1013 1119 1079 1160 esse
1103 1113 1134 1162 et
1158 1101 1305 1178 amanda,
1328 1121 1409 1183 quae

420 1206 499 1256 recte
513 1194 696 1256 cecidissent
714 1199 768 1272 (1);
786 1216 867 1276 quae
894 1217 995 1267 secus,
1016 1198 1064 1258 vel
1086 1197 1260 1278 spernenda
1277 1200 1324 1260 vel
1341 1199 1409 1260 bre-

419 1295 498 1354 viter
522 1313 587 1354 esse
612 1293 794 1356 tractanda?
819 1307 860 1368 et,
892 1315 992 1377 quum
1025 1299 1113 1376 optio
1143 1298 1243 1364 detur.
1277 1301 1409 1360 retineas

420 1392 614 1472 repudiesne,
638 1393 678 1452 ab
706 1395 772 1453 eius
794 1396 947 1456 sententia
978 1414 1043 1455 non
1072 1396 1213 1457 futurum
1237 1398 1407 1473 absonum,

419 1492 446 1551 si
453 1492 566 1570 promi
581 1491 698 1552 factum
713 1492 770 1552 erit
778 1502 891 1571 prout,
921 1505 956 1555 ut
978 1493 1099 1575 reliqua
1114 1495 1266 1556 elementa
1285 1497 1332 1557 ssi
1345 1498 1409 1557 iam

420 1592 483 1650 veri
499 1590 599 1651 simile
614 1589 669 1653 fiat
684 1592 716 1651 in
732 1591 902 1672 archetypo
918 1594 1034 1672 scripta
1049 1593 1145 1655 fuisse
1161 1602 1220 1656 csst
1234 1596 1282 1656 vel
1298 1602 1351 1658 cst.

472 1770 487 1798 κ
512 1739 599 1810 Hoc
617 1754 730 1822 amet,
753 1739 827 1810 hoc
846 1756 1017 1836 spernat,
1033 1766 1109 1838 pro
1129 1753 1171 1814 ut
1190 1744 1307 1826 cessit,
1328 1767 1408 1816 car-

1012 1853 1142 1952 [minis
1161 1871 1296 1929 auctor
1310 1859 1366 1947 (2).
1388 1895 1404 1924 2,

762 2000 864 2079 Epist.
884 2001 935 2077 II,
954 2008 987 2078 a,
1006 2009 1065 2064 58.

721 2143 736 2172 a
827 2113 955 2188 Licuit
974 2140 1202 2214 semperque
1222 2115 1348 2191 licebit

421 2227 621 2324 Signatum
641 2244 841 2326 praesente
862 2245 953 2302 nota
971 2230 1183 2328 producere
1203 2256 1359 2305 nomen.

422 2346 474 2420 Ut
491 2343 609 2417 silvae
627 2342 728 2416 foliis
747 2367 893 2439 pronos
915 2360 1113 2419 mutantur
1132 2346 1170 2419 in
1190 2370 1328 2434 annos

422 2458 554 2534 Prima
567 2459 727 2532 cadunt:
743 2459 794 2532 ita
809 2460 1019 2534 verborum
1032 2461 1277 2535 vetusinterit
1291 2479 1407 2546 aetas,

422 2576 469 2648 Et
488 2573 674 2647 iuvenum
695 2572 768 2646 ritu
788 2573 929 2646 florent
944 2574 1064 2649 modo
1085 2592 1172 2650 nata
1188 2576 1406 2675 vigentque.

421 2690 618 2763 Debemur
638 2686 752 2762 morti
772 2712 843 2760 nos
863 2703 1124 2788 nostraque...
1146 2727 1162 2756 n

465 2852 745 2929 Quemadmodum
755 2853 832 2914 haec
845 2872 914 2915 non·
922 2873 1097 2934 paucorum
1109 2854 1276 2917 doctorum
1293 2868 1412 2918 mentes

423 2973 594 3026 exercuere,
619 2966 713 3036 atque
736 2954 777 3016 ab
801 2955 839 3014 iis
860 2953 947 3015 haud
969 2974 1061 3035 parce
1075 2954 1197 3017 detorta
1213 2965 1287 3016 sunt
1302 2957 1351 3032 (3),
1369 2956 1412 3015 sic

423 3053 487 3127 alii,
506 3055 595 3129 (inter
610 3072 690 3134 quos
708 3059 746 3115 A.
766 3055 883 3128 Baton,
901 3052 1007 3114 rhetor
1023 3055 1141 3134 peritus
1158 3057 1211 3134 (4),
1235 3054 1324 3114 cuius
1346 3072 1412 3114 me-

455 3249 490 3312 (r)
507 3250 545 3298 Ac
555 3249 578 3298 si
590 3251 650 3314 quis
663 3257 774 3314 quaerat
791 3248 930 3313 quomodo
948 3263 987 3308 ea,
1002 3263 1072 3314 quae
1089 3247 1226 3314 probanda
1239 3250 1298 3308 sint,
1310 3250 1411 3314 agnitu-

423 3347 469 3380 rus
481 3333 522 3390 sit,
540 3331 682 3396 respondet
702 3331 830 3379 Horatius
845 3350 850 3378 :
865 3331 887 3379 si
900 3330 985 3395 sapiet
997 3339 1022 3377 et
1034 3330 1150 3378 amicum
1164 3337 1254 3377 nactus
1266 3330 1324 3394 erit,
1338 3344 1411 3378 eum·

424 3413 539 3477 demque
550 3411 692 3462 Aristarchi
705 3411 836 3472 similem;
855 3421 914 3460 utra
926 3412 959 3460 sit
977 3412 1064 3460 rarior
1076 3411 1141 3466 avis.
1155 3407 1262 3458 difficile
1275 3419 1314 3460 est
1330 3409 1411 3462 dictu.

456 3496 490 3558 (2)
508 3495 560 3548 Sat.
577 3495 610 3545 ll.
629 3511 649 3558 r,
664 3494 703 3544 31.
715 3512 731 3542 «
788 3493 892 3559 Neque,
903 3496 926 3542 si
938 3493 1007 3543 male
1019 3509 1089 3542 cess
1100 3502 1177 3549 erat,
1186 3508 1301 3558 usquam
1315 3493 1413 3542 Decur-

423 3593 484 3627 rens
496 3577 558 3638 alio,
572 3592 658 3642 neque
671 3579 693 3626 si
705 3575 805 3628 bene...
820 3591 836 3620 »

459 3659 493 3724 (3)
512 3661 567 3711 Nec
582 3659 914 3726 mirum,quandoquidem
927 3657 1044 3723 Epistola
1057 3655 1089 3704 ad
1104 3655 1213 3704 Pisones
1225 3654 1321 3704 millies
1332 3653 1416 3704 ferme

427 3745 497 3810 typis
511 3753 551 3792 est
564 3744 704 3809 descripta,
715 3741 837 3806 (Teuffel,
851 3739 947 3793 Gesch,
961 3739 1008 3788 der
1019 3747 1086 3790 rom.
1102 3738 1211 3801 Litter.).

459 3825 494 3888 (4)
512 3826 544 3877 Α.
560 3825 658 3884 Baron,
672 3825 691 3876 l.
703 3825 721 3876 l.
735 3839 765 3890 p.
783 3821 826 3890 89.
846 3838 862 3867 «
871 3819 1030 3869 Charmante
1041 3819 1235 3883 comparaison,
1248 3820 1318 3868 aussi
1330 3818 1417 3868 vieille

427 3920 481 3970 que
493 3905 517 3954 le
531 3905 591 3954 vieil
605 3903 735 3964 Homere,
749 3904 778 3954 Z.
796 3901 850 3967 146,
861 3911 886 3950 et
895 3915 947 3966 que
960 3900 996 3950 les
1008 3905 1099 3966 poetes
1109 3914 1137 3949 se
1147 3910 1205 3950 sont
1217 3901 1263 3966 plu
1273 3901 1288 3950 a
1299 3898 1416 3964 rajeunir

431 3986 505 4052 d'age
525 4001 556 4036 en
579 3986 635 4053 age.
659 3985 709 4034 Les
727 3983 902 4050 philologues,
923 3981 955 4031 de
973 3981 1032 4030 leur
1050 3989 1116 4046 part,
1136 3989 1181 4030 ont
1202 3979 1264 4030 ecrit
1282 3997 1318 4030 un
1331 3981 1415 4030 demi-
