3356 5040
504 585 706 638 EPISTOLAE
726 585 774 636 AD
797 586 988 640 DIVERSOS.
1200 592 1237 660 41

251 776 532 850 summamque
558 751 754 840 virtutem,
783 751 862 840 cui,
896 754 1148 842 mehercules,
1178 754 1242 831 hic

249 869 361 948 cuius
380 869 420 944 in
439 882 621 968 potestate
640 892 791 956 sumus,
813 869 981 944 multum
1002 868 1149 945 tribuit.
1170 906 1187 937 2
1246 907 1247 910 =

289 1068 331 1082 -
350 1034 509 1095 Virtutem
527 1034 560 1094 M
580 1031 789 1094 :doctrinam
812 1052 885 1094 cum
908 1032 963 1096 rel.
987 1037 1017 1096 A
1033 1044 1064 1096 et
1081 1035 1239 1100 Lambino

250 1131 303 1196 E:
321 1131 535 1194 eruditionem
554 1130 579 1193 l.
598 1132 652 1193 Fr.
670 1130 812 1193 Gronov.
838 1132 989 1194 Poterant
1011 1134 1106 1195 etiam
1122 1131 1248 1198 substiss'

247 1245 335 1298 tuere
351 1234 574 1295 litteraturam
589 1251 625 1293 ex
643 1231 780 1312 Philipp.
797 1251 826 1295 2.
839 1235 892 1313 45.
904 1232 991 1296 Orel.
1002 1233 1085 1295 Bait.
1100 1233 1188 1298 186⁵.
1198 1269 1240 1283 -

293 1332 455 1396 Praeclara
481 1331 562 1405 laus,
587 1332 613 1392 si
635 1350 707 1392 vera
726 1340 803 1406 erat,
827 1349 911 1406 eum,
929 1331 1020 1392 cuius
1036 1333 1070 1393 in
1085 1343 1239 1413 potestate

247 1442 348 1506 erant,
365 1429 479 1492 virtuti
494 1428 631 1491 multum
645 1429 792 1499 tribuere,
811 1432 992 1509 praesertim
1005 1449 1106 1511 quum
1119 1450 1154 1494 ea
1171 1433 1240 1514 ipsa

247 1529 378 1604 virtute,
394 1546 458 1608 qua
481 1524 696 1601 delectaretur,
721 1546 753 1588 se
775 1527 930 1590 violatum
945 1547 1011 1590 esse
1026 1540 1178 1610 putasset.
1195 1534 1239 1594 At

245 1625 511 1708 deprehendimus
534 1625 566 1687 h.
584 1625 605 1687 l.
631 1637 814 1705 patronum,
831 1626 897 1707 qui,
926 1643 999 1686 cum
1026 1627 1117 1688 sciret
1142 1644 1239 1708 quae·

245 1744 371 1807 cunque
397 1723 512 1786 diceret
535 1734 590 1787 aut
616 1724 772 1797 scriberet,
798 1722 838 1786 ad
862 1725 1030 1786 Caesarem
1052 1724 1093 1785 ab
1117 1726 1166 1802 iis,
1184 1725 1240 1807 'qui

245 1824 341 1888 simul
355 1842 429 1886 cum
444 1843 481 1885 eo
497 1825 646 1896 viverent,
664 1821 787 1897 deferri,
804 1842 875 1884 eam
889 1822 1065 1885 libertatem
1080 1823 1130 1884 vel
1146 1823 1240 1886 licen·

245 1925 323 1986 tiam
338 1923 519 1999 verborum,
536 1942 600 2005 qua
627 1924 694 1984 sine
708 1921 782 1985 fuco
797 1934 853 1985 aut
874 1921 1004 1984 fallaciis
1020 1923 1054 1984 in
1070 1922 1238 1986 Caesarem

247 2021 385 2086 Caecina
410 2021 549 2083 scribens
577 2041 654 2083 usus
679 2033 757 2096 erat,
793 2022 894 2083 lenius
920 2033 967 2084 est
1002 2022 1236 2103 interpretatus,

246 2119 377 2182 eandem
390 2117 525 2201 figuram
537 2119 663 2182 dicendi
675 2120 829 2183 adhibens
840 2139 904 2203 qua
918 2121 1084 2184 Lucretius
1095 2133 1237 2184 amantes

246 2217 321 2280 facit
337 2237 424 2280 usos.

300 2367 407 2440 «Aret
423 2367 600 2440 iuratam
619 2364 731 2440 bonis
745 2364 896 2440 civibus
909 2380 988 2440 tam
1003 2368 1142 2442 acerba
1155 2368 1234 2443 iam

247 2481 358 2556 inuri
375 2504 483 2556 cura.
511 2479 571 2554 Ad
594 2504 678 2555 eam
693 2504 849 2578 spem...
872 2496 1029 2580 propter
1046 2480 1235 2556 eximium

246 2593 443 2692 ingenium
464 2618 743 2694 summamque
760 2597 1009 2680 veritatem...
1030 2632 1047 2662 n
1068 2601 1129 2694 (ι).

296 2711 365 2786 Vl.
387 2713 423 2786 8.
460 2738 490 2785 1.
523 2742 539 2773 u
561 2710 665 2787 Huic
696 2735 805 2786 meae
836 2710 1022 2809 rogationi
1047 2712 1080 2743 **
1106 2713 1235 2812 potius

251 2848 331 2900 non
352 2825 539 2900 continuo
557 2824 851 2925 responderunt.
873 2865 890 2896 2

291 3021 333 3032 -
348 2986 435 3051 Orel.
465 2986 614 3050 Defectus
639 2988 766 3068 signum
793 3007 858 3050 om.
886 2990 932 3053 M.
958 2991 998 3053 E.
1014 3023 1055 3037 -
1078 2991 1238 3054 Continuo

250 3103 309 3166 pro
323 3086 602 3166 interpretamento
616 3085 799 3149 habendum
814 3098 871 3150 est.

303 3239 320 3297 is
341 3233 447 3309 Huic
480 3258 588 3310 meae
614 3234 798 3334 rogationi
813 3236 989 3335 protinus
1007 3260 1087 3312 non
1105 3235 1238 3337 [conti-

252 3350 347 3448 nuo]
369 3348 663 3449 responderunt.
684 3388 701 3420 2,

301 3467 370 3542 Vl.
400 3490 457 3540 ro.
477 3489 511 3540 2.
533 3500 549 3529 a
568 3468 671 3542 Casu
687 3465 853 3543 devincti
868 3466 1018 3566 magnis
1032 3465 1129 3542 meis
1143 3480 1241 3542 vete-

252 3566 364 3655 ribus
380 3579 532 3658 officiis.
553 3618 569 3649 n
1134 3579 1160 3632 Ψ
1187 3587 1191 3592 ’

292 3777 334 3791 -
349 3745 407 3810 Or.
425 3745 522 3827 quasi
535 3743 607 3809 cod.
625 3745 755 3826 Regius.
771 3779 812 3790 -

251 3948 321 4082 ἐι)
338 3948 379 3999 nd
400 3948 480 4006 atae.
499 3948 546 4010 lll,
572 3965 610 4012 ¹4·
635 3965 657 4003 r.
677 3947 740 3998 Non
760 3962 802 3998 me
822 3944 929 4013 offendit
951 3947 1072 3999 veritas
1090 3931 1240 3998 tinnanatt

282 4041 369 4086 arton.
