3356 5040
635 589 705 638 trs.
732 587 781 636 ru.
1160 571 1195 636 13

207 755 336 838 t'uram
351 761 438 844 sint,
456 783 592 834 earum
608 781 754 839 rerum,
772 779 872 853 quae
888 753 962 828 sint
977 753 1192 828 secundum

209 894 402 962 naturam,
424 875 578 949 tollatur
604 874 731 946 omnis
762 895 821 953 ea,
854 894 955 968 quae
985 883 1194 967 quaeratur

210 994 468 1090 laudeturque
485 987 714 1089 prudentia?

262 1138 278 1166 κ
301 1104 407 1202 Quid
444 1118 574 1178 autem
609 1099 794 1198 apertius,
831 1105 1005 1196 quaeso?
1036 1098 1196 1174 Selectio

210 1223 319 1297 nulla
350 1220 396 1294 sit
426 1221 475 1294 ab
508 1217 554 1291 iis
581 1217 709 1300 rebus,
731 1240 831 1314 quae
858 1231 992 1290 contra
1016 1231 1194 1290 naturam

211 1337 299 1423 sint,
321 1360 456 1411 earum
479 1356 624 1417 rerum,
645 1356 745 1430 quae
763 1329 838 1405 sint
855 1330 1070 1406 secundum
1091 1347 1198 1405 natu-

212 1478 294 1528 ram
317 1481 324 1526 :
345 1451 496 1526 tolletur
518 1446 645 1522 omnis
671 1471 714 1521 ea
733 1470 833 1544 quae
851 1447 1048 1544 quaeritur
1065 1446 1198 1520 lauda·

210 1579 345 1664 turque
362 1563 579 1664 prudentia.
606 1600 622 1628 n

607 1831 802 1840 -----

391 2039 698 2115 TUSCULAN.
730 2038 868 2110 DlSP.
901 2039 946 2111 L.
980 2039 1009 2110 Ι.

264 2241 294 2313 Ι.
323 2264 353 2311 1.
383 2269 398 2298 u
422 2234 563 2311 Rettuli
596 2258 718 2320 me‚...
758 2233 807 2308 ad
838 2258 882 2307 ea
919 2233 1058 2320 studia,
1097 2259 1198 2333 quae

214 2369 356 2430 retenta
374 2351 518 2439 anim0‚
547 2349 704 2424 remissa
731 2348 984 2446 temporibus,
1009 2350 1122 2446 longo
1144 2349 1197 2423 in·

213 2469 371 2544 tervallo
390 2465 608 2541 intermissa
626 2463 815 2539 revocavi.
842 2499 858 2530 >2

255 2620 300 2681 Ea
317 2618 432 2690 studia,
447 2618 473 2678 si
488 2625 612 2678 retenta
627 2616 746 2688 anim0‚
757 2616 783 2675 si
797 2625 922 2677 tantum
939 2615 1085 2689 remissa,
1100 2615 1200 2678 inter-

213 2718 310 2779 missa
326 2737 391 2778 non
406 2727 492 2778 sunt.

267 2879 282 2906 a
307 2851 438 2943 Longo
458 2846 658 2920 intervallo
678 2847 940 2920 intermisso...
967 2884 983 2912 „

267 2966 296 3038 Ι.
320 2987 353 3037 2.
377 2994 393 3023 a
416 2963 520 3038 Nam
550 2984 677 3034 mores
699 2975 734 3035 et
753 2946 925 3036 instituta
942 2961 1041 3037 vitae
1061 2987 1198 3062 resque

212 3078 439 3155 domesticas
457 3100 502 3152 ac
515 3075 724 3150 familiares
739 3100 808 3149 nos
823 3077 991 3173 profecto
1004 3092 1040 3152 et
1059 3077 1197 3153 melius

212 3213 370 3271 tuemur
389 3208 424 3268 et
443 3191 600 3267 lautius.
625 3230 641 3259 n

252 3343 429 3406 Verisimile
455 3361 520 3404 non
545 3351 592 3403 est
614 3339 760 3402 Tullium
782 3360 856 3402 cum
877 3341 1022 3403 homines
1038 3361 1112 3403 suos
1130 3341 1199 3403 lau-

212 3442 353 3515 dantem,
389 3453 458 3504 tum
487 3439 528 3502 ad
555 3440 703 3510 Brutum.
736 3439 891 3514 Stoicum,
919 3439 972 3501 illa
1001 3440 1199 3509 scribentem,

214 3539 404 3603 vocabulum
431 3540 530 3612 laute,
559 3537 645 3620 quod
672 3538 830 3599 luxuriam
860 3537 988 3611 redolet,
1020 3558 1199 3620 usurpasse.

215 3662 228 3698 a
243 3641 284 3703 In
323 3639 490 3721 suppliciis
528 3638 664 3699 deorum
704 3637 883 3720 magnifici,
915 3638 1004 3699 domi
1034 3640 1135 3720 parci
1139 3684 1201 3700 .....

213 3748 336 3800 erant»
362 3735 439 3802 Sall.
464 3739 537 3802 Cat.
571 3760 602 3821 9.
636 3737 775 3799 Lautius
802 3736 881 3799 illud
910 3737 1037 3800 cautius
1065 3737 1202 3800 scriben-

214 3834 292 3898 dum
317 3856 382 3898 non
408 3848 499 3918 puto,
516 3854 617 3917 quum
643 3835 770 3896 cautius
796 3837 901 3916 ipsum
916 3856 952 3898 ex
973 3836 1071 3900 altero
1096 3849 1203 3900 ortum

213 3934 368 3998 videatur.
396 3935 446 3997 Ad
476 3940 573 3998 Att.:
600 3933 643 3995 ll.
674 3934 720 3997 18.
746 3955 776 3996 2.
800 3934 889 3996 laute
917 3944 1010 3997 caute
1035 3937 1076 3999 X.
1104 3945 1202 4012 recte,

217 4035 265 4098 M.
284 4033 325 4097 R.
342 4034 442 4106 laute,
458 4035 499 4107 X,
517 4033 558 4110 X,
575 4034 612 4095 Z.
