3356 5040
467 519 504 579 52
722 525 922 578 EPISTOLAE
943 528 990 578 AD
1013 527 1188 578 ATTICUM.

510 696 611 758 Velim
629 695 717 758 Med.

514 878 531 907 «ι
547 847 600 920 Et
616 846 908 943 quotiescunque
927 845 1098 920 habebis.
1165 845 1315 920 nullum
1340 871 1447 944 prae-

462 961 660 1039 termittas.
686 997 702 1027 n

510 1080 615 1154 XIV.
638 1079 673 1152 6.
703 1103 732 1150 t.
758 1109 773 1136 a
799 1076 929 1152 Pridie
943 1076 1034 1151 Idus
1053 1076 1181 1173 accepi
1200 1094 1286 1152 tuas
1304 1077 1446 1152 litteras

461 1217 637 1270 caenans.
664 1192 842 1268 Primum
871 1192 980 1290 igitur
1008 1192 1146 1266 melius
1174 1216 1255 1265 esse
1277 1222 1284 1266 :
1307 1192 1446 1267 deinde

462 1307 619 1382 meliora
640 1305 885 1380 renuntiare.
907 1344 921 1370 n

500 1482 600 1543 -Ni
626 1479 727 1551 fallor,
756 1482 788 1541 in
814 1483 917 1542 otioso
944 1481 1046 1563 igitur
1068 1481 1198 1542 verbum
1222 1480 1307 1543 latet.
1327 1481 1444 1544 Omnia

460 1579 600 1663 expedita
616 1594 718 1653 erunt,
736 1583 762 1642 si
782 1580 940 1662 scripseris
958 1582 1131 1643 :Primum
1153 1581 1199 1642 mi
1213 1591 1346 1662 gratum
1363 1580 1444 1663 (tiu)

459 1680 574 1742 melius
588 1698 664 1742 esse.
684 1673 779 1743 Boot.v
793 1700 823 1761 p.
842 1683 894 1743 60.
915 1717 948 1726 *-
964 1681 1113 1742 Primum
1130 1679 1213 1742 idem
1229 1681 1306 1742 mihi
1322 1678 1445 1742 videtur

460 1778 560 1841 valere
576 1792 669 1860 atque
684 1787 780 1859 caput
793 1789 849 1841 est.

511 1968 527 1997 κ
549 1935 729 2010 Primum
763 1935 805 2007 id
832 1945 899 2018 est,
921 1934 990 2008 titi
1025 1933 1163 2007 melius
1198 1957 1323 2007 esse...
1353 1959 1377 2008 o
1409 1944 1445 2007 te

459 2050 648 2124 nuntiari.
671 2086 687 2113 n

507 2165 591 2238 XV.
621 2189 651 2237 1.
673 2166 711 2238 b.
735 2186 770 2236 2.
795 2195 810 2223 α
831 2161 1081 2261 Petivitquea
1110 2187 1171 2236 me
1196 2178 1235 2236 ut
1254 2186 1354 2244 eam,
1373 2184 1440 2235 nec

460 2280 673 2367 ambitiose,
695 2279 923 2376 corrigerem
943 2294 1030 2353 ante
1049 2303 1168 2377 quam
1189 2277 1326 2352 ederet.

501 2455 619 2516 Brutus
633 2465 741 2516 utrum
757 2453 927 2527 metuebat,
942 2472 981 2514 ne
997 2453 1106 2516 Cicero
1122 2453 1183 2514 sibi
1195 2452 1387 2526 adularetur,
1402 2473 1444 2514 an

456 2551 487 2613 id
504 2555 609 2633 potius
624 2551 800 2613 cavendum
812 2551 966 2625 censebat,
978 2572 1016 2613 ne
1031 2571 1094 2633 qua
1111 2553 1229 2633 populo
1244 2552 1442 2633 displicerent

456 2653 584 2733 suisque
598 2652 741 2732 partibus
756 2664 858 2712 essent
873 2652 1016 2712 nocitura
1029 2656 1041 2712 i

510 2839 526 2869 κ
545 2806 757 2906 Petivitque
784 2832 806 2881 a
833 2831 895 2880 me
926 2823 967 2882 ut
993 2831 1092 2893 eam,
1122 2809 1157 2881 si
1181 2831 1257 2904 qua
1285 2808 1324 2880 in
1344 2809 1441 2882 uitio

446 2928 599 3022 forent,
620 2923 894 3020 corrigerem...
915 2959 930 2988 n

509 3039 565 3114 lb.
581 3074 596 3101 «ι
616 3038 732 3134 Quod
750 3038 937 3113 iudicium
957 3039 1071 3112 habet
1085 3037 1132 3110 de
1148 3038 1293 3137 optime
1306 3061 1442 3136 genere

457 3153 622 3240 dicendi,
640 3153 678 3227 id
698 3152 750 3227 ita
767 3168 996 3228 consecutus
1018 3152 1128 3226 estin
1149 3177 1192 3226 ea
1210 3153 1380 3228 oratione
1400 3170 1440 3229 ut

455 3269 663 3366 elegantius
677 3294 757 3343 esse
776 3269 870 3343 nihil
889 3270 1019 3366 possit.
1039 3269 1115 3345 Sed
1131 3294 1198 3366 ego
1214 3272 1320 3345 solus
1339 3271 1439 3345 alius

456 3409 563 3472 sum;
585 3386 663 3457 sive
682 3386 756 3458 hoc
775 3399 886 3470 recte,
909 3384 989 3459 sive
1009 3409 1087 3458 non
1107 3399 1220 3459 recte.
1242 3420 1257 3450 n

494 3595 535 3604 -
550 3559 633 3638 [Sed]
658 3578 716 3641 ego
740 3568 866 3621 secutus
891 3559 985 3620 aliud
1009 3578 1091 3632 sum,
1110 3561 1262 3623 Wesenb.
1287 3560 1438 3637 —Quod

452 3661 516 3722 iam
532 3660 650 3721 dictum
672 3672 718 3722 est
739 3677 834 3738 supra
858 3680 870 3716 u
891 3659 953 3721 Est
973 3668 1079 3721 autem
1100 3660 1205 3721 oratio
1226 3661 1348 3741 scrtpta
1367 3661 1439 3722 ele-

448 3758 677 3841 gantissime
696 3780 708 3816 u
728 3776 734 3815 :
753 3758 828 3838 quia
844 3756 875 3818 id
892 3777 956 3818 non
973 3769 1051 3837 puto
1074 3759 1218 3820 iteratum
1235 3778 1311 3833 esse,
1329 3758 1436 3820 malim

452 3858 584 3919 scribere
601 3856 895 3938 «eloquentissime.
912 3878 924 3915 u
944 3857 1039 3918 Nunc
1060 3875 1133 3918 vero
1155 3858 1259 3938 agitur
1274 3857 1313 3918 de
1327 3876 1438 3938 genere

454 3957 511 4018 uin
524 3977 586 4037 quo
602 3958 725 4018 Brutus
739 3975 805 4018 esse
817 3957 897 4030 vult,
911 3979 923 4014 r
934 3957 966 4016 in
974 3975 1074 4037 eoque
1082 3957 1412 4038 quaeriturelegantia
1426 3975 1433 4014 :

1658 2985 1660 3122 i
