3356 5040
446 559 486 620 66
837 562 1036 615 HORATlUS.

443 737 549 798 venire
563 737 596 796 in
611 747 759 810 mentem,
779 735 908 816 eiusque
923 733 1081 796 obversari
1096 735 1204 795 animo
1219 746 1337 814 quanta
1352 732 1431 796 cele-

443 837 544 908 ritate,
561 846 597 897 ut
620 833 678 896 fert
691 833 860 895 hominurn
877 831 1031 907 condicio,
1048 833 1102 895 alii
1117 844 1189 914 post
1203 831 1283 894 alios
1298 832 1438 896 interiis-

444 943 530 996 sent:
543 933 591 1007 οἵη
606 957 658 1021 περ
675 930 795 1020 φύλλων
810 935 902 1021 γενεὴ,
920 935 984 1007 τοίη
1000 929 1033 998 δὲ
1050 934 1100 996 καὶ
1118 928 1249 1020 ἀνδρῶν;
1263 929 1375 994 deinde
1389 931 1431 992 ab

444 1033 498 1105 eis,
517 1032 573 1113 qui
588 1033 652 1092 iam
665 1050 729 1093 non
744 1042 843 1103 erant,
861 1050 962 1113 quum
980 1030 1020 1093 ad
1042 1051 1075 1094 se
1088 1031 1251 1111 juventute
1266 1029 1431 1092 florentem

445 1131 540 1194 heroa
554 1130 699 1191 animum
714 1128 907 1198 advertisset.
925 1129 1001 1190 haec
1020 1129 1158 1192 addere:
1185 1126 1265 1192 ἄλλα
1292 1125 1323 1192 δὲ
1346 1125 1430 1199 Θ’ὕλη

444 1230 614 1306 τηλεθόωσα
637 1229 713 1323 φύει,
738 1233 822 1321 ἔαρος
846 1228 1051 1319 δ’ἐπιγίγνεται
1079 1229 1139 1318 ὥρη
1150 1256 1158 1306 ;
1178 1229 1285 1309 itaque
1299 1227 1430 1309 loquen-

444 1339 484 1400 tis
498 1340 624 1400 animus
650 1357 745 1420 quem
767 1336 807 1399 ad
825 1336 956 1401 modum
972 1339 1058 1399 intus
1080 1349 1268 1409 moveretur,
1285 1353 1436 1397 summus-

445 1437 567 1514 aperuit
595 1446 697 1515 poeta.
731 1439 774 1496 At
805 1434 941 1496 Horatio
965 1453 1121 1515 quaenam
1147 1445 1212 1496 erat
1240 1452 1335 1494 causa
1360 1451 1427 1504 cur,

444 1551 549 1595 rerum
568 1532 678 1595 ordine
703 1534 884 1608 immutato,
908 1544 943 1594 ut
964 1551 1088 1596 servum
1110 1552 1205 1613 pecus
1219 1533 1428 1604 imitatorum,

445 1633 575 1694 verbum
591 1632 687 1694 verbo
701 1630 862 1695 reddereti
878 1631 990 1712 Neque
1005 1633 1031 1692 is
1045 1643 1122 1702 erat,
1136 1632 1192 1712 qui
1207 1631 1341 1692 alienam
1357 1649 1438 1694 auc--

445 1732 603 1792 toritatem
618 1731 707 1812 sequi
722 1728 857 1804 deberet,
867 1729 954 1811 quod
965 1729 1093 1809 proprie
1104 1730 1286 1792 communia
1298 1735 1429 1794 nesciret

445 1828 556 1902 dicere,
573 1841 628 1891 aut
650 1848 744 1910 quem
767 1828 897 1909 fugeret,
912 1827 986 1890 folia
1009 1840 1082 1891 ante
1107 1830 1194 1890 nasci
1216 1828 1314 1890 solere
1331 1847 1429 1910 quam

444 1928 600 1992 caderent.
632 1926 853 1990 immutandus
879 1929 975 2008 igitur
1000 1939 1046 1990 est
1071 1926 1150 1989 ordo
1172 1947 1320 1990 versuum
1339 1948 1429 2010 :quo

444 2028 537 2102 iact0,
555 2025 695 2088 redditur
708 2026 803 2087 etiam
818 2027 1045 2105 pernecessaria
1060 2028 1140 2088 veris
1155 2038 1185 2088 et
1200 2021 1312 2088 hiemis
1327 2045 1428 2107 oppo-

446 2126 518 2187 sitio
536 2146 543 2186 :
560 2126 598 2188 τὰ
614 2124 668 2211 μέν
680 2125 817 2210 τ’ἄνεμος
834 2121 968 2210 χαμάδις
984 2123 1045 2210 χέει
1062 2164 1103 2174 -
1120 2127 1205 2214 ἔαρος
1221 2123 1436 2214 d'irrryiyrerar

444 2221 515 2311 ‹irr-
1290 2302 1293 2306 ,

487 2329 611 2406 Quodsi
636 2327 745 2390 durior
769 2329 835 2389 visa
862 2329 921 2391 erit
944 2328 1109 2391 collocatio
1135 2332 1366 2394 coniunctionis
1394 2335 1427 2394 in

443 2442 581 2493 extremo
603 2448 706 2502 versu,
730 2427 769 2490 cf.
795 2428 861 2490 Sat.
886 2427 910 2488 1.
928 2448 959 2508 4,
978 2430 1016 2510 57
1033 2449 1040 2488 :
1057 2450 1071 2487 a
1088 2429 1224 2508 Eripias
1236 2430 1266 2490 si
1281 2466 1320 2474 —-
1338 2431 1429 2492 Tem-

436 2547 525 2608 pora
546 2536 635 2588 certa
656 2525 847 2608 modosque,·
869 2527 913 2588 ib.
939 2529 992 2589 125
1012 2545 1019 2584 :
1033 2526 1163 2618 flagret
1183 2547 1316 2590 rumore
1340 2531 1427 2591 malo

443 2644 514 2686 cum
527 2661 567 2670 -
581 2624 651 2686 Hic
671 2634 768 2706 atque
786 2624 858 2696 ille3
884 2623 928 2686 11.
951 2645 980 2700 2,
1000 2625 1036 2686 23
1059 2645 1066 2686 ε
1076 2625 1184 2705 posito
1192 2645 1331 2705 pavone,
1349 2628 1428 2689 velis

442 2723 519 2804 quin
535 2757 576 2768 -
598 2722 676 2783 Hoc
693 2723 804 2802 potius
832 2741 929 2803 quam
955 2724 1087 2804 gallina
1112 2734 1240 2806 tergere
1253 2728 1425 2805 palatum,-

442 2821 487 2886 ΙΙ.
504 2821 534 2898 8,
551 2844 587 2904 71
607 2843 615 2883 ε
633 2824 752 2884 aulaea
766 2832 868 2883 ruant
879 2823 947 2886 si...
966 2845 981 2884 r

490 2920 666 3001 Vigentque
684 2922 741 2982 etsi
761 2934 807 2984 est
828 2922 977 2983 omnibus
1000 2924 1033 2984 in
1054 2922 1147 2985 codd.
1173 2928 1305 3004 (praeter
1326 2945 1428 2987 unurn

446 3021 483 3082 F.
503 3020 549 3080 M.
575 3041 581 3081 :
603 3019 781 3101 virentque,
802 3021 929 3097 Baiter.)
951 3033 1058 3083 tamen
1077 3024 1289 3103 suspicionem
1311 3038 1426 3097 movet,

443 3117 530 3199 quod
556 3121 684 3181 ineunte
723 3119 836 3189 hieme,
865 3140 929 3182 non
955 3122 1090 3200 vigente,
1117 3121 1191 3182 iolia
1218 3121 1343 3198 fluunt;
1368 3126 1430 3186 nisi

443 3237 528 3291 vem,
546 3217 633 3299 quod
648 3237 776 3299 quoque
794 3231 909 3298 potest,
927 3221 1020 3281 verba
1033 3219 1164 3300 florere
1186 3234 1216 3283 et
1232 3223 1341 3303 vigere
1355 3242 1427 3285 con-

443 3318 536 3379 trarie
550 3316 647 3379 relata
663 3329 747 3380 sunt.

446 3466 498 3539 Ut
515 3463 634 3538 silvae
652 3464 753 3538 foliis
765 3467 914 3564 primos
933 3481 1134 3542 mutantur
1153 3467 1193 3540 in
1212 3493 1350 3556 annm,

447 3581 496 3654 Et
508 3578 695 3654 iuvenum
711 3579 786 3656 ritu
798 3581 936 3656 florent
950 3583 1069 3658 modo
1083 3599 1185 3670 nata;
1195 3585 1297 3682 viget
1307 3609 1426 3682 quum

443 3696 606 3780 Bruma,
638 3694 782 3769 cadunt
810 3725 817 3769 :
848 3696 898 3770 ita
924 3698 1134 3771 verborum
1166 3715 1275 3773 vetus
1302 3699 1428 3775 interit

445 3811 643 3885 Debemur
664 3814 779 3886 morti
797 3836 867 3887 nos
885 3828 1138 3911 nostraque...
1164 3851 1180 3880 »
1294 3815 1427 3912 [aetas.
