3356 5040
447 571 488 632 42
697 558 900 611 EPISTOLAE
921 559 969 610 AD
994 558 1182 611 DlVERSOS.

500 759 517 790 ι
535 726 660 824 Quasi
690 725 858 802 devincti
885 725 1033 824 magnis
1060 726 1158 802 meis
1182 738 1219 802 et
1243 727 1438 804 veteribus

446 843 597 921 officiis.
619 881 635 910 n

496 963 565 1039 Vl.
594 985 637 1036 ιο
658 961 695 1034 b.
718 960 751 1034 5.
779 991 794 1019 α
813 957 890 1035 Sed
909 958 949 1032 in
975 957 1104 1034 studio
1125 959 1256 1035 minus
1274 960 1434 1036 fortasse

447 1101 569 1177 quam
583 1076 737 1161 vellem,
753 1089 789 1148 et
804 1073 845 1149 in
860 1074 976 1149 rebus
992 1089 1107 1174 atque
1122 1100 1195 1150 usu
1212 1076 1302 1176 plus
1319 1075 1435 1152 etiam

447 1216 568 1293 quam
598 1191 752 1277 vellem,
786 1206 1005 1265 versatus...
1041 1192 1147 1266 Nam
1177 1208 1212 1267 et
1239 1190 1333 1290 ipse,
1367 1191 1436 1292 qui

447 1307 664 1409 plurimum
699 1319 833 1405 potest,
873 1304 1045 1404 quotidie
1081 1305 1178 1381 mihi
1223 1307 1350 1384 delabi
1385 1307 1436 1384 ad

448 1422 679 1522 aequitatem
698 1437 733 1496 et
751 1419 801 1496 ad
829 1445 961 1496 rerum
989 1435 1169 1496 naturam
1196 1421 1433 1500 videtur...»

489 1590 540 1656 Cf.
560 1591 655 1654 Boot.
678 1609 710 1672 p.
740 1610 773 1652 η
790 1600 821 1652 et
837 1590 898 1669 Ep.
915 1589 975 1652 Vl.
997 1591 1043 1662 13,
1062 1610 1079 1652 2
1098 1611 1106 1652 :
1125 1608 1231 1651 unam
1309 1609 1434 1654 eum

450 1689 631 1775 quotidie...
655 1689 752 1751 etiam
772 1706 842 1750 sua
864 1697 1006 1749 natura
1027 1687 1188 1749 mitiorem
1199 1687 1297 1768 facit.
1318 1711 1331 1748 n

501 1869 518 1899 ι
601 1847 643 1910 at
661 1833 701 1909 in
721 1836 835 1910 rebus
854 1849 968 1933 atque
982 1860 1057 1910 usu
1076 1835 1164 1934 plus
1181 1835 1297 1911 etiam
1311 1859 1434 1935 quam

445 1950 598 2028 vellem.
631 1963 852 2023 versatus...
873 1948 1042 2048 quotidie
1070 1952 1197 2048 magis
1224 1948 1351 2025 delabi
1382 1949 1432 2025 ad

447 2064 678 2165 aequitatem
697 2080 731 2139 et
750 2062 799 2138 ad
820 2088 950 2139 veram
971 2079 1150 2139 naturam
1169 2064 1335 2140 videtur.
1355 2103 1373 2133 n

493 2182 746 2256 V11.1.1.«
764 2181 903 2279 Neque
934 2178 1082 2268 dubito,
1114 2180 1212 2279 quin
1242 2196 1331 2255 tu...
1363 2204 1432 2280 per

445 2319 510 2372 eos
541 2294 623 2370 dies
651 2293 840 2370 matutina
866 2310 1039 2396 tempora
1070 2295 1312 2371 lectiunculis
1339 2319 1431 2372 con·

443 2408 657 2510 sumpseris
680 2437 687 2483 :
709 2433 834 2509 quum
854 2409 907 2484 illi
928 2409 1082 2495 interea,
1103 2410 1171 2508 qui
1191 2425 1226 2484 te
1245 2410 1328 2486 istic
1347 2410 1431 2488 reli-

443 2540 621 2624 querant,
650 2540 1119 2623 spectarentxcommunes
1148 2525 1291 2601 mimos
1319 2526 1432 2602 semi-

446 2664 587 2715 somm.
609 2679 625 2706 „

482 2795 557 2858 Veri
586 2792 688 2854 simile
717 2811 781 2854 non
811 2805 868 2868 est,
899 2795 955 2875 qui
984 2793 1146 2874 spectandi
1175 2814 1270 2857 causa
1293 2797 1431 2860 Romam

442 2891 609 2966 redierant,
637 2910 738 2973 quum
763 2891 902 2953 -Iudi
926 2901 1029 2954 essent
1053 2895 1305 2974 apparatissimi,
1333 2914 1432 2977 quum

434 2989 630 3070 popularem
657 2988 908 3051 admirationem
936 2989 1109 3064 haberent,·
1129 3010 1227 3072 quum
1249 2993 1434 3056 venationes
1491 3052 1493 3056 ,

440 3086 632 3169 magnificas
647 3106 714 3150 esse
728 3106 820 3149 nemo
836 3097 981 3170 negaret,
995 3123 1034 3132 -
1050 3089 1258 3153 semisomnos
1278 3110 1331 3152 eos
1346 3110 1433 3173 spec-

440 3197 535 3258 tasse3
554 3197 584 3248 et
598 3186 694 3247 verbo
717 3187 908 3248 communi
928 3207 986 3268 pro
1002 3187 1144 3268 vulgari,
1153 3188 1292 3268 plebeio,
1310 3190 1435 3253 nullius

434 3284 697 3370 pretii,proditur
709 3304 893 3348 communes
904 3286 1018 3347 mimos
1030 3286 1431 3367 interpretamentumesse.

443 3382 494 3448 Cf.
513 3383 627 3460 Krebs‚
645 3383 757 3447 Antib.
771 3403 796 3446 s.
814 3404 845 3446 v.
863 3384 1052 3446 communio.

494 3526 664 3622 rQuum
693 3522 747 3597 illi
774 3523 916 3597 interea
944 3538 1157 3620 spectarent
1189 3525 1433 3622 [communes

442 3637 601 3738 mimos]
619 3639 781 3714 semissis
799 3639 1016 3713 histriones.
1043 3673 1058 3703 n

488 3756 600 3831 Vlll.
622 3777 660 3849 4.
682 3777 720 3849 4.
746 3785 762 3816 u
781 3753 1047 3830 Mentiolacta
1067 3769 1121 3829 est
1139 3755 1186 3830 de
1206 3754 1352 3852 legione
1371 3779 1429 3842 ea,

442 3893 562 3969 quam
592 3893 800 3970 expensam
828 3868 914 3944 tulit
941 3871 985 3945 C.
1018 3867 1172 3945 Caesari
1202 3869 1428 3969 Pompeius,

443 3973 524 4083 quo
544 4009 709 4061 numero
727 3999 837 4070 esset,
858 4009 938 4083 quo
958 3998 1199 4084 appeteretur
1209 3989 1221 4073 ';
1243 4009 1367 4084 quum
1384 4007 1432 4060 ex
