3356 5040
462 507 501 568 62
855 511 1055 564 HORATlUS.

460 685 598 782 opimos,
628 683 742 744 feraces
770 698 863 761 agros
892 681 1005 762 optari,
1037 680 1146 762 quales
1175 681 1275 743 nostri
1300 680 1446 743 homines

451 785 589 868 polders
607 793 738 854 vocant;
762 781 839 843 tales
860 792 967 843 autem
992 781 1074 842 Liris
1096 779 1246 843 alluebat.
1268 781 1319 859 (V.
1338 781 1443 844 Strab.

459 896 489 947 et
507 881 666 946 Plutarch.
684 882 717 942 in
732 881 807 945 Vita
824 881 939 956 Marii).

511 1063 527 1092 u
545 1029 678 1104 Mollit
695 1052 797 1126 aqua
815 1027 1028 1101 taciturnus
1047 1027 1191 1102 amnis.
1216 1063 1232 1092 n

795 1192 897 1273 Epist.
921 1192 971 1255 II.
996 1199 1029 1254 3.
1054 1196 1112 1257 45.

513 1351 528 1380 a
552 1317 640 1393 Hoc
658 1327 771 1400 amet,
791 1313 865 1386 hoc
890 1326 1044 1410 spernat
1058 1311 1242 1411 promissi
1262 1313 1446 1388 carminis

1249 1428 1410 1526 [auctor.
1425 1466 1442 1494 „

498 1641 538 1652 -
552 1601 712 1666 Promissi
736 1597 916 1661 carminis:
941 1595 996 1657 das
1020 1598 1192 1677 Epitheton
1218 1597 1363 1664 scheint
1387 1599 1447 1660 auf

457 1705 508 1767 die
522 1723 585 1764 von
599 1703 700 1763 einem
714 1696 865 1762 Gedichte
876 1695 976 1757 durch
991 1697 1234 1778 Ankiindigung
1249 1695 1303 1758 des
1320 1696 1442 1760 Inhalts

455 1805 500 1863 im
516 1803 679 1881 Eingange
694 1808 834 1876 erregten
851 1797 1082 1875 Erwartungen
1098 1817 1137 1858 zu
1153 1795 1262 1858 zielen.
1278 1795 1351 1876 Vgl.
1358 1815 1441 1876 pro-

454 1901 570 1962 missor
594 1899 635 1962 V.
669 1897 735 1958 138.
763 1896 803 1959 G.
833 1896 875 1958 T.
904 1900 942 1956 Α.
975 1895 1098 1974 Kriiger
1124 1899 1170 1973 ir).
1194 1918 1206 1954 r
1237 1917 1250 1952 r
1269 1895 1461 1973 Promissi,¹

452 1996 636 2078 j’entends
664 2007 748 2057 tout
777 1993 1014 2073 simplement
1043 2013 1099 2075 par
1124 2013 1158 2055 ce
1183 2005 1251 2054 mot
1275 1993 1305 2054 le
1330 1997 1441 2075 pobine

453 2097 550 2179 qu’on
570 2116 590 2157 a
611 2095 740 2176 promis,
762 2091 858 2174 qu'on
885 2111 917 2153 se
942 2111 1077 2173 propose
1102 2091 1141 2154 de
1165 2091 1300 2172 publier.
1318 2095 1359 2154 A.
1378 2093 1440 2154 Ba-

453 2215 512 2258 ton
525 2198 574 2271 (2).
596 2217 608 2253 rr

496 2295 651 2356 Horatius
666 2303 775 2353 utrum
789 2289 821 2350 h.
839 2289 861 2352 l.
880 2287 1088 2368 scriptoribus
1103 2288 1257 2349 universis
1281 2286 1335 2350 dat
1353 2307 1440 2369 prae-

450 2402 550 2474 cepta,
580 2411 621 2452 an
645 2391 696 2465 iis,
717 2390 773 2470 qui
791 2386 840 2448 vel
861 2388 894 2446 in
914 2385 1079 2466 prooemio
1098 2403 1213 2464 magna
1235 2387 1437 2467 promittunt,

449 2490 498 2552 vel
523 2500 659 2552 utuntur
683 2487 871 2568 praeconiol
893 2483 981 2560 Quid
1002 2485 1109 2545 eniml
1127 2485 1183 2566 qui
1206 2485 1287 2545 nihil
1309 2485 1440 2565 professi

449 2601 550 2659 erunt,
575 2607 654 2648 num
679 2586 741 2647 alia
765 2586 844 2664 lege,
872 2595 968 2663 atque
982 2582 1211 2662 promissores
1228 2583 1440 2646 tenebunturr

450 2686 567 2751 Credat
579 2684 704 2766 Apella,
715 2703 774 2765 ego
785 2681 967 2744 incredulus
982 2681 1048 2743 odi.
1060 2681 1233 2763 Utcunque
1254 2683 1438 2762 interpreta-

452 2785 568 2857 bimur,
585 2785 756 2844 obscurum
782 2781 887 2842 nescio
910 2780 1031 2861 quidet
1045 2782 1236 2861 ambiguum
1251 2782 1436 2858 remanebit,

451 2883 526 2965 quia
553 2898 831 2962 supervacaneum,
856 2879 932 2960 quia
952 2880 1045 2940 inane
1066 2895 1113 2942 est
1126 2881 1325 2960 promissum
1339 2879 1435 2954 illud;

451 2995 546 3063 atque
560 2982 593 3041 in
608 2998 700 3040 versu
715 2979 776 3039 nisi
797 2989 887 3053 esset,
904 2976 1043 3040 deletum
1064 2978 1253 3059 iampridem
1276 2979 1365 3052 toret,
1383 2998 1439 3040 nec

451 3082 572 3144 diutius
587 3090 772 3160 cogerentur
783 3081 966 3158 interpretes
978 3098 1113 3140 asserere
1127 3080 1300 3142 Horatium
1313 3080 1373 3141 hoc
1384 3091 1439 3141 aut

450 3180 529 3242 illud
555 3180 668 3242 dixisse
693 3177 814 3240 videri
836 3200 842 3240 :
864 3179 897 3237 in
919 3197 984 3259 quo
1003 3178 1179 3257 periculum
1198 3190 1255 3251 est,
1276 3178 1439 3240 erudiendi

450 3280 540 3362 pueri
556 3299 594 3340 ne
609 3281 791 3360 opinatores
803 3275 949 3351 evadant,
963 3287 1018 3338 aut
1030 3289 1211 3341 assuescant
1224 3277 1300 3340 satis
1311 3278 1435 3351 habere,

450 3383 477 3443 si
492 3380 569 3462 quid
584 3380 783 3462 aliquatenus
799 3379 859 3440 sibi
874 3377 1040 3440 videantur
1054 3379 1255 3441 intellexisse.

494 3478 617 3555 Quodsi
625 3477 864 3559 promissorum
886 3496 980 3538 causa
1002 3476 1141 3552 laborat;
1166 3479 1193 3538 si
1208 3476 1357 3539 audiendi
1372 3497 1438 3538 non

452 3589 538 3654 sunt,
555 3595 750 3659 quamquam
766 3574 899 3655 polliciti
914 3588 1006 3637 erunt
1022 3589 1144 3638 montes
1159 3577 1247 3652 auri;
1265 3578 1291 3637 si
1297 3576 1440 3659 promis-

484 3783 519 3848 (1)
538 3783 677 3834 Horatius.
690 3781 792 3830 Satiren
803 3796 830 3834 u.
846 3779 971 3846 Episteln.
986 3779 1142 3848 Schulausg.
1156 3781 1227 3850 1879.
1241 3781 1359 3849 Leipzig.

484 3865 518 3928 (a)
537 3865 650 3914 OEuvres
663 3863 815 3930 completas,
832 3864 914 3916 Brux.
929 3861 1000 3928 1857.
1022 3863 1111 3930 Epitre
1125 3865 1257 3915 d’Horace
1270 3879 1320 3914 aux
1334 3863 1436 3924 Pisons,

450 3947 565 3998 traduite
577 3961 609 3996 en
621 3960 681 3996 vers
693 3943 813 4008 francais.
826 3945 860 4000 T.
875 3944 909 4007 ΙΙ,
928 3961 953 4010 p.
968 3945 1010 4001 85.
