3356 5040
590 1177 895 1253 amsroma
930 1178 1001 1251 An
1031 1177 1324 1274 owansos(
1351 1179 1374 1272 ).

540 1408 571 1483 1.
592 1428 628 1500 9,
655 1407 710 1481 18.
736 1438 752 1469 u
769 1409 896 1504 Atque
926 1405 1026 1480 hanc
1055 1403 1216 1505 quidem
1235 1404 1298 1481 ille
1316 1430 1474 1483 causam

488 1521 562 1597 sibi
593 1520 645 1595 ait
671 1544 750 1595 non
775 1518 1016 1617 attingendae
1043 1519 1098 1594 rei
1123 1546 1160 1620 p.
1190 1519 1322 1610 fuisse,
1352 1520 1474 1621 quod,

488 1660 613 1737 quum
628 1634 848 1710 offendisset
862 1636 1055 1735 populum
1072 1635 1344 1712 Atheniensem
1355 1660 1476 1735 prope

490 1751 568 1826 iam
588 1749 834 1848 desipientem
853 1766 1054 1839 senectute,
1072 1776 1276 1851 quumque
1294 1776 1383 1827 eum
1404 1777 1474 1829 nec

489 1865 758 1965 persuadendo
777 1888 848 1939 nec
875 1865 1048 1963 cogendo
1075 1865 1149 1962 regi
1169 1891 1281 1965 posse
1298 1866 1471 1953 vidisset,

488 2005 611 2080 quum
634 1979 856 2078 persuaderi
877 2004 990 2078 posse
1004 1979 1208 2069 diffideret,
1224 1981 1305 2079 cogi
1324 1983 1380 2056 fas
1393 2006 1475 2056 esse

488 2120 565 2170 non
586 2094 848 2170 arbitraretur.
870 2132 885 2162 „

530 2261 839 2341 -Quotiescunque
853 2260 894 2322 ad
906 2262 937 2324 h.
952 2262 975 2324 1.
990 2261 1158 2338 redeo,nec
1173 2265 1312 2343 potuisse
1327 2274 1393 2324 tam
1409 2281 1477 2343 per·

489 2360 651 2423 turbatam
684 2362 871 2422 sententiam
903 2381 921 2423 a
949 2363 1082 2426 Platone
1111 2363 1215 2439 scribi,
1247 2383 1304 2426 nec
1334 2363 1476 2426 Platonis

490 2471 628 2522 mentem
642 2460 686 2521 ita
701 2477 719 2518 a
736 2457 888 2522 Cicerone
909 2461 1072 2523 obscurari
1087 2463 1242 2524 existimo.
1268 2462 1375 2537 Boot,
1393 2480 1425 2542 p.
1444 2462 1473 2523 5.

488 2559 652 2621 -Revera
664 2559 744 2619 sicut
756 2558 833 2621 haec
844 2560 1105 2622 coniunctionum
1116 2561 1256 2622 iteratio:
1266 2559 1363 2643 quod,
1377 2579 1476 2642 quum

494 2656 693 2739 offendisset,·
720 2675 882 2739 quumque
892 2678 990 2733 -eum,·
1014 2679 1112 2741 quum
1126 2659 1330 2740 persuadere
1351 2657 1478 2722 terenda

493 2776 558 2818 non
572 2768 630 2830 est,
648 2757 691 2818 sic
706 2758 906 2838 perspicuum
931 2769 977 2819 est
999 2769 1029 2820 et
1044 2758 1174 2819 verbum
1190 2758 1320 2820 vidisset
1336 2757 1376 2821 ad
1391 2759 1475 2822 coni.

492 2854 578 2935 quod
592 2855 733 2930 attinere,
757 2867 787 2917 et
809 2874 971 2938 quumque
991 2875 1057 2918 esse
1078 2857 1267 2919 mendosum
1282 2868 1338 2920 aut
1352 2855 1474 2918 inutile.

494 2951 591 3028 Quod
617 2952 687 3015 licet
713 2953 816 3029 tollas,
845 2953 983 3016 faciliore
1011 2974 1109 3036 quam
1135 2955 1270 3017 feliciore
1291 2956 1474 3029 curatione;

492 3050 580 3133 quod
595 3052 673 3114 mihi
695 3055 834 3134 primum
856 3065 1032 3115 occurrerat
1056 3077 1064 3116 ε
1086 3064 1255 3129 senectute,
1276 3063 1478 3136 utracunque

493 3149 621 3211 ratione
634 3168 705 3212 eum
721 3173 749 3225 n,
766 3149 798 3211 id
811 3150 928 3224 abieci;
946 3168 1031 3223 nam,
1055 3151 1113 3213 etsi
1134 3168 1326 3233 quacunque
1349 3151 1478 3213 ratione

498 3248 584 3329 apud
592 3249 660 3313 Cic.
671 3260 729 3324 est,
742 3259 849 3312 tamen
861 3249 946 3311 unde
957 3249 1149 3311 vocabulum
1161 3249 1321 3311 rationem
1334 3268 1475 3312 eruerem

492 3365 557 3408 non
572 3345 728 3410 videbam.

543 3525 559 3555 u
639 3494 760 3593 quod,
776 3520 899 3593 quum
916 3495 1137 3571 offendisset
1151 3519 1242 3594 pop.
1256 3497 1477 3595 Ath.prope

494 3607 571 3682 iam
587 3607 838 3709 desipientem
853 3624 1044 3686 senectute
1058 3613 1365 3709 nequamque-(2),
1384 3635 1475 3686 eum

523 3849 559 3912 (rt
580 3837 631 3906 Ed.
644 3848 748 3900 Nobbe.
763 3849 834 3916 Lips.
852 3848 951 3919 1849-
960 3849 1037 3903 Boot.
1051 3849 1164 3906 Observ.
1176 3853 1235 3903 crit.
1247 3850 1280 3901 ad
1292 3850 1378 3906 Cicer.
1392 3849 1476 3922 Epist.

491 3929 606 3982 Letterk.
620 3929 702 3986 Verh.
716 3930 765 3982 der
776 3930 892 3986 Konink.
907 3932 974 3987 bled.
988 3933 1073 3985 Akad.
1085 3932 1119 3986 D.
1131 3933 1205 3987 xltl.

524 4017 559 4075 tat
576 4014 588 4063 t
599 4031 615 4062 u
626 4011 806 4081 Nequaquam
817 4029 888 4070 eum.
902 4034 918 4062 »

1661 3869 1663 3942 i
