3356 5040
457 587 500 662 44
709 590 909 642 EPISTOLAE
931 592 978 642 AD
1003 592 1192 646 DlVERSOS.

510 785 527 817 ⁸
548 762 650 833 Arno
667 756 941 833 verecundiam
962 790 970 848 ;
991 761 1106 855 {vobis
1129 759 1261 856 potior
1291 761 1447 835 libertas

458 884 513 950 est
528 871 726 968 loquendi.
749 909 764 939 »

505 989 597 1062 Xll.
625 1011 681 1060 10.
702 1010 740 1082 4.
767 1018 783 1050 a
803 985 920 1083 Quod
940 987 985 1075 si,
999 1004 1039 1063 ut
1060 1012 1186 1089 spero,
1202 987 1314 1064 victis
1329 987 1447 1064 hosti·

459 1105 533 1179 bus
553 1101 706 1187 nostris,
726 1102 908 1177 veneritis
930 1132 937 1177 :
961 1120 1089 1178 tamen
1114 1103 1338 1178 auctoritate
1363 1127 1445 1177 ves-

457 1233 516 1294 tra
535 1217 768 1316 respublica
787 1233 957 1315 exsurget
975 1234 1010 1293 et
1028 1219 1068 1293 in
1086 1219 1219 1317 aliquo
1238 1235 1336 1294 statu
1356 1219 1447 1294 tole·

459 1332 570 1409 rabili
588 1331 779 1408 consistet.
809 1336 907 1409 Sunt
933 1334 1039 1408 enim
1066 1335 1274 1432 permulta,
1301 1332 1447 1432 quibus

460 1446 528 1524 erit
548 1447 784 1523 medendum
808 1477 815 1522 :
837 1449 999 1523 etiarnsi.
1022 1472 1052 1523 r.
1074 1474 1112 1548 p.
1139 1449 1229 1523 satis
1248 1474 1329 1523 esse
1347 1446 1447 1522 vide-

458 1565 561 1641 bitur
579 1564 786 1639 sceleribus
806 1563 978 1638 hostium
999 1565 1172 1640 liberata.
1196 1603 1212 1632 n

417 1817 422 1826 ι
504 1732 542 1796 C.
561 1731 684 1806 Cassio,
710 1731 750 1794 D.
775 1732 887 1805 Bruto,
905 1734 946 1794 T.
965 1733 1110 1796 Ciceroni
1132 1753 1179 1794 res
1201 1751 1266 1794 non
1288 1744 1354 1794 erat
1374 1749 1448 1794 curn

460 1830 528 1893 suis
552 1829 708 1905 hostibus,
736 1828 790 1890 sed
815 1848 887 1891 curn
910 1831 948 1891 iis
971 1832 1026 1910 qui
1049 1851 1061 1889 r
1081 1831 1181 1910 pridie
1199 1830 1271 1892 Kal.
1290 1827 1449 1907 Quintiles

461 1928 622 1990 sententiis
637 1926 786 1988 omnibus
802 1927 906 1989 hostes
921 1947 939 1987 a
958 1939 1068 1990 senatu
1084 1927 1213 1990 iudicati
1229 1940 1350 1992 erant.»
1363 1927 1407 1989 ib.
1420 1949 1446 1989 r.

516 2101 533 2134 «c
551 2071 669 2167 Quod
689 2072 734 2159 si,
756 2088 797 2147 ut
815 2099 941 2173 spero,
962 2073 1071 2148 victis
1091 2073 1266 2149 hostibus
1286 2098 1350 2148 vos
1376 2074 1449 2147 huc

461 2187 655 2274 veneritis,
686 2199 834 2263 tantum
866 2188 1085 2264 auctoritate
1115 2205 1240 2263 vestra
1265 2213 1324 2263 res
1350 2188 1444 2286 pub.

463 2319 648 2400 exsurget,
659 2314 702 2376 ut
715 2303 754 2377 in
769 2303 901 2402 aliquo
920 2319 1017 2378 statu
1032 2303 1222 2378 tolerabili
1242 2302 1444 2390 consistat;

464 2433 553 2493 sunt
566 2429 696 2493 autem
714 2420 905 2517 permulta
932 2417 1076 2516 quibus
1103 2417 1172 2493 erit
1193 2417 1446 2505 medendum,

462 2532 656 2609 ellamSl...
677 2571 693 2600 n

512 2649 595 2722 XV.
637 2672 692 2744 ¹9·
727 2654 761 2722 4.
796 2648 836 2723 Si
870 2650 1011 2724 Caesar
1041 2649 1144 2735 vicit,
1179 2649 1345 2724 celeriter
1386 2672 1448 2723 me

464 2778 629 2861 expecta.
654 2803 670 2832 n

518 2906 534 2936 κ
552 2876 593 2952 Si
613 2879 753 2952 Caesar
771 2879 948 2964 vicerit..
970 2914 986 2943 n

611 3140 682 3213 AD
715 3141 984 3232 QUINTUM
1019 3140 1299 3215 FRATREM.

516 3343 547 3416 1.
575 3365 606 3415 1.
628 3363 668 3435 4.
695 3370 711 3400 κ
735 3339 835 3414 Mihi
856 3342 981 3429 crede,
1011 3366 1114 3416 nnus
1139 3365 1266 3416 annus
1294 3339 1449 3416 additus

465 3455 588 3532 labori
603 3469 670 3530 tuo
686 3456 899 3530 multorum
915 3481 1109 3532 annorum
1126 3455 1308 3532 laetitiam
1324 3455 1449 3544 nobis,

466 3570 590 3648 immo
609 3596 701 3646 vero
717 3571 831 3646 etiam
850 3576 1011 3671 posteris
1029 3572 1168 3648 nostris
1191 3572 1335 3646 afferet.
1356 3607 1372 3637 n

463 3769 466 3776 ·
506 3728 660 3794 *Nobis
685 3730 781 3791 immo
807 3748 883 3792 vero
908 3731 1005 3792 etiam
1031 3732 1061 3794 R
1085 3742 1115 3792 et
1141 3749 1188 3811 pr.
1216 3730 1283 3792 M:
1300 3725 1450 3791 -'Vero

465 3828 640 3913 profectum
656 3842 734 3910 puto
749 3829 790 3890 ab
805 3841 853 3891 are
867 3859 906 3879 =
921 3830 1077 3891 maiorem
1093 3827 1227 3908 (Walth.
1245 3849 1296 3910 ²4·
1318 3833 1375 3908 ro).

518 4003 537 4038 α
652 3976 865 4051 multorum
902 4000 1097 4052 annorum
1138 3975 1292 4050 laudem
1319 3974 1447 4065 nobis,

469 4089 592 4167 irnmo
610 4092 799 4165 maiorem
815 4091 928 4167 etiam
949 4090 1112 4189 posteris
1128 4090 1269 4165 nostris
1281 4091 1446 4170 afferet..

1658 3729 1661 3802 l

1652 3840 1661 4202 l

1632 4351 1637 4420 r

1653 4552 1658 4627 ὲ
