<?xml version="1.0" encoding="UTF-8"?>
<!DOCTYPE html PUBLIC "-//W3C//DTD XHTML 1.0 Transitional//EN"
    "http://www.w3.org/TR/xhtml1/DTD/xhtml1-transitional.dtd">
<html xmlns="http://www.w3.org/1999/xhtml" xml:lang="en" lang="en">
 <head>
  <title>
</title>
<meta http-equiv="Content-Type" content="text/html;charset=utf-8" />
  <meta name='ocr-system' content='tesseract 3.04.00' />
  <meta name='ocr-capabilities' content='ocr_page ocr_carea ocr_par ocr_line ocrx_word'/>
</head>
<body>
  <div class='ocr_page' id='page_1' title='image "./emendationestul00spangoog_0034.png"; bbox 0 0 3356 5040; ppageno 0'>
   <div class='ocr_carea' id='block_1_1' title="bbox 608 613 1172 667">
    <p class='ocr_par' dir='ltr' id='par_1_1' title="bbox 608 613 1172 667">
     <span class='ocr_line' id='line_1_1' title="bbox 608 613 1172 667; baseline 0.009 -5"><span class='ocrx_word' id='word_1_1' title='bbox 608 613 677 663; x_wconf 89' lang='lat' dir='ltr'><strong>LlB.</strong></span> <span class='ocrx_word' id='word_1_2' title='bbox 704 613 754 664; x_wconf 92' lang='lat' dir='ltr'><strong>lll.</strong></span> <span class='ocrx_word' id='word_1_3' title='bbox 1139 625 1172 667; x_wconf 88' lang='lat'><strong>21</strong></span> 
     </span>
    </p>
   </div>
   <div class='ocr_carea' id='block_1_2' title="bbox 183 778 1174 972">
    <p class='ocr_par' dir='ltr' id='par_1_2' title="bbox 183 778 1174 972">
     <span class='ocr_line' id='line_1_2' title="bbox 242 778 1174 879; baseline 0.004 -25"><span class='ocrx_word' id='word_1_4' title='bbox 242 778 455 854; x_wconf 77' lang='lat' dir='ltr'><strong>«Cervices</strong></span> <span class='ocrx_word' id='word_1_5' title='bbox 478 796 606 854; x_wconf 89' lang='lat' dir='ltr'><strong>autem</strong></span> <span class='ocrx_word' id='word_1_6' title='bbox 634 791 747 854; x_wconf 88' lang='lat' dir='ltr'><strong>natas</strong></span> <span class='ocrx_word' id='word_1_7' title='bbox 773 805 812 854; x_wconf 88' lang='lat' dir='ltr'><strong>se</strong></span> <span class='ocrx_word' id='word_1_8' title='bbox 838 781 888 856; x_wconf 88' lang='lat' dir='ltr'><strong>ad</strong></span> <span class='ocrx_word' id='word_1_9' title='bbox 915 781 1062 879; x_wconf 82' lang='lat' dir='ltr'><strong>iugum,</strong></span> <span class='ocrx_word' id='word_1_10' title='bbox 1092 800 1174 858; x_wconf 90' lang='lat' dir='ltr'><strong>tum</strong></span> 
     </span>
     <span class='ocr_line' id='line_1_3' title="bbox 183 895 1018 972; baseline 0 -1"><span class='ocrx_word' id='word_1_11' title='bbox 183 895 289 971; x_wconf 90' lang='lat' dir='ltr'><strong>vires</strong></span> <span class='ocrx_word' id='word_1_12' title='bbox 308 921 346 968; x_wconf 92' lang='lat' dir='ltr'><strong>u.</strong></span> <span class='ocrx_word' id='word_1_13' title='bbox 369 910 404 970; x_wconf 93' lang='lat' dir='ltr'><strong>et</strong></span> <span class='ocrx_word' id='word_1_14' title='bbox 423 897 448 968; x_wconf 96' lang='lat' dir='ltr'><strong>l.</strong></span> <span class='ocrx_word' id='word_1_15' title='bbox 470 895 519 970; x_wconf 92' lang='lat' dir='ltr'><strong>ad</strong></span> <span class='ocrx_word' id='word_1_16' title='bbox 538 911 664 971; x_wconf 89' lang='lat' dir='ltr'><strong>aratra</strong></span> <span class='ocrx_word' id='word_1_17' title='bbox 683 921 760 971; x_wconf 85' lang='lat' dir='ltr'><strong>esse</strong></span> <span class='ocrx_word' id='word_1_18' title='bbox 779 897 980 972; x_wconf 88' lang='lat' dir='ltr'><strong>trahenda.</strong></span> <span class='ocrx_word' id='word_1_19' title='bbox 1002 934 1018 964; x_wconf 71' lang='lat' dir='ltr'><strong>n</strong></span> 
     </span>
    </p>
   </div>
   <div class='ocr_carea' id='block_1_3' title="bbox 451 1161 912 1220">
    <p class='ocr_par' dir='ltr' id='par_1_3' title="bbox 451 1161 912 1220">
     <span class='ocr_line' id='line_1_4' title="bbox 451 1161 912 1220; baseline -0.002 -4"><span class='ocrx_word' id='word_1_20' title='bbox 451 1161 504 1216; x_wconf 89' lang='lat' dir='ltr'><strong>DE</strong></span> <span class='ocrx_word' id='word_1_21' title='bbox 531 1161 625 1217; x_wconf 84' lang='lat' dir='ltr'><strong>NAT.</strong></span> <span class='ocrx_word' id='word_1_22' title='bbox 649 1161 769 1220; x_wconf 88' lang='lat' dir='ltr'><strong>DEOR.</strong></span> <span class='ocrx_word' id='word_1_23' title='bbox 794 1161 829 1216; x_wconf 89' lang='lat' dir='ltr'><strong>L.</strong></span> <span class='ocrx_word' id='word_1_24' title='bbox 854 1162 912 1217; x_wconf 94' lang='lat'><strong>111.</strong></span> 
     </span>
    </p>
   </div>
   <div class='ocr_carea' id='block_1_4' title="bbox 182 1339 1175 1644">
    <p class='ocr_par' dir='ltr' id='par_1_4' title="bbox 182 1339 1175 1644">
     <span class='ocr_line' id='line_1_5' title="bbox 240 1339 1175 1420; baseline -0.002 -6"><span class='ocrx_word' id='word_1_25' title='bbox 240 1341 307 1414; x_wconf 93' lang='lat' dir='ltr'><strong>lX.</strong></span> <span class='ocrx_word' id='word_1_26' title='bbox 326 1363 383 1414; x_wconf 89' lang='lat'><strong>22.</strong></span> <span class='ocrx_word' id='word_1_27' title='bbox 405 1341 561 1420; x_wconf 75' lang='lat' dir='ltr'><strong>«lstum</strong></span> <span class='ocrx_word' id='word_1_28' title='bbox 577 1339 681 1412; x_wconf 93' lang='lat' dir='ltr'><strong>enim</strong></span> <span class='ocrx_word' id='word_1_29' title='bbox 699 1340 826 1413; x_wconf 89' lang='lat' dir='ltr'><strong>locum</strong></span> <span class='ocrx_word' id='word_1_30' title='bbox 843 1354 964 1413; x_wconf 84' lang='lat' dir='ltr'><strong>totum</strong></span> <span class='ocrx_word' id='word_1_31' title='bbox 987 1339 1051 1414; x_wconf 89' lang='lat' dir='ltr'><strong>illa</strong></span> <span class='ocrx_word' id='word_1_32' title='bbox 1066 1354 1175 1413; x_wconf 89' lang='lat' dir='ltr'><strong>vetus</strong></span> 
     </span>
     <span class='ocr_line' id='line_1_6' title="bbox 182 1453 1175 1541; baseline 0 -11"><span class='ocrx_word' id='word_1_33' title='bbox 182 1455 357 1530; x_wconf 88' lang='lat' dir='ltr'>Zenonis</span> <span class='ocrx_word' id='word_1_34' title='bbox 388 1453 527 1539; x_wconf 85' lang='lat' dir='ltr'><strong>brevis,</strong></span> <span class='ocrx_word' id='word_1_35' title='bbox 562 1469 610 1532; x_wconf 85' lang='lat' dir='ltr'><strong>et.</strong></span> <span class='ocrx_word' id='word_1_36' title='bbox 646 1471 684 1529; x_wconf 92' lang='lat' dir='ltr'><strong>ut</strong></span> <span class='ocrx_word' id='word_1_37' title='bbox 716 1454 784 1527; x_wconf 90' lang='lat' dir='ltr'><strong>tibi</strong></span> <span class='ocrx_word' id='word_1_38' title='bbox 812 1453 1030 1541; x_wconf 88' lang='lat' dir='ltr'><strong>videbatur,</strong></span> <span class='ocrx_word' id='word_1_39' title='bbox 1064 1471 1175 1530; x_wconf 88' lang='lat' dir='ltr'><strong>acuta</strong></span> 
     </span>
     <span class='ocr_line' id='line_1_7' title="bbox 182 1568 625 1644; baseline -0.005 0"><span class='ocrx_word' id='word_1_40' title='bbox 182 1569 385 1644; x_wconf 85' lang='lat' dir='ltr'>conclusio</span> <span class='ocrx_word' id='word_1_41' title='bbox 404 1568 588 1643; x_wconf 88' lang='lat' dir='ltr'><strong>dilatavit.</strong></span> <span class='ocrx_word' id='word_1_42' title='bbox 609 1604 625 1634; x_wconf 71' lang='lat' dir='ltr'><strong>n</strong></span> 
     </span>
    </p>
   </div>
   <div class='ocr_carea' id='block_1_5' title="bbox 171 1723 1179 2202">
    <p class='ocr_par' dir='ltr' id='par_1_5' title="bbox 171 1723 1179 2202">
     <span class='ocr_line' id='line_1_8' title="bbox 226 1723 1177 1805; baseline 0 -20"><span class='ocrx_word' id='word_1_43' title='bbox 226 1723 314 1786; x_wconf 87' lang='lat' dir='ltr'><strong>Adn.</strong></span> <span class='ocrx_word' id='word_1_44' title='bbox 330 1725 400 1786; x_wconf 86' lang='lat' dir='ltr'><strong>crit.</strong></span> <span class='ocrx_word' id='word_1_45' title='bbox 417 1760 458 1770; x_wconf 92' lang='lat'>-</span> <span class='ocrx_word' id='word_1_46' title='bbox 472 1723 635 1785; x_wconf 85' lang='lat' dir='ltr'><em>Dilatavit</em></span> <span class='ocrx_word' id='word_1_47' title='bbox 645 1723 737 1785; x_wconf 86' lang='lat' dir='ltr'>codd.</span> <span class='ocrx_word' id='word_1_48' title='bbox 754 1725 779 1786; x_wconf 91' lang='lat' dir='ltr'>B</span> <span class='ocrx_word' id='word_1_49' title='bbox 797 1725 842 1786; x_wconf 93' lang='lat' dir='ltr'><strong>H.</strong></span> <span class='ocrx_word' id='word_1_50' title='bbox 857 1725 956 1805; x_wconf 70' lang='lat' dir='ltr'><strong>vulg„</strong></span> <span class='ocrx_word' id='word_1_51' title='bbox 973 1725 1079 1786; x_wconf 86' lang='lat' dir='ltr'><strong>dilata</strong></span> <span class='ocrx_word' id='word_1_52' title='bbox 1094 1725 1177 1786; x_wconf 84' lang='lat' dir='ltr'><strong>lavit</strong></span> 
     </span>
     <span class='ocr_line' id='line_1_9' title="bbox 181 1822 1172 1899; baseline -0.001 -13"><span class='ocrx_word' id='word_1_53' title='bbox 181 1823 213 1886; x_wconf 94' lang='lat' dir='ltr'>V</span> <span class='ocrx_word' id='word_1_54' title='bbox 229 1833 261 1884; x_wconf 93' lang='lat' dir='ltr'><strong>et</strong></span> <span class='ocrx_word' id='word_1_55' title='bbox 275 1841 355 1886; x_wconf 90' lang='lat' dir='ltr'><strong>corr.</strong></span> <span class='ocrx_word' id='word_1_56' title='bbox 369 1842 416 1884; x_wconf 87' lang='lat' dir='ltr'><strong>ex.</strong></span> <span class='ocrx_word' id='word_1_57' title='bbox 434 1823 596 1899; x_wconf 84' lang='lat' dir='ltr'><strong>dilatavit,</strong></span> <span class='ocrx_word' id='word_1_58' title='bbox 621 1822 777 1884; x_wconf 85' lang='lat' dir='ltr'><em>dilatabit</em></span> <span class='ocrx_word' id='word_1_59' title='bbox 798 1824 943 1886; x_wconf 89' lang='lat' dir='ltr'><strong>Schoem.</strong></span> <span class='ocrx_word' id='word_1_60' title='bbox 962 1859 1003 1868; x_wconf 89' lang='lat'><strong>—</strong></span> <span class='ocrx_word' id='word_1_61' title='bbox 1020 1824 1127 1885; x_wconf 90' lang='lat' dir='ltr'><strong>Brevis</strong></span> <span class='ocrx_word' id='word_1_62' title='bbox 1142 1834 1172 1885; x_wconf 90' lang='lat' dir='ltr'><strong>et</strong></span> 
     </span>
     <span class='ocr_line' id='line_1_10' title="bbox 181 1921 1174 2005; baseline 0.002 -23"><span class='ocrx_word' id='word_1_63' title='bbox 181 1937 277 1984; x_wconf 87' lang='lat' dir='ltr'><strong>acuta</strong></span> <span class='ocrx_word' id='word_1_64' title='bbox 304 1922 466 1984; x_wconf 85' lang='lat' dir='ltr'><strong>conclusto</strong></span> <span class='ocrx_word' id='word_1_65' title='bbox 495 1922 558 1982; x_wconf 91' lang='lat' dir='ltr'><strong>vim</strong></span> <span class='ocrx_word' id='word_1_66' title='bbox 589 1921 650 1982; x_wconf 88' lang='lat' dir='ltr'><strong>loci</strong></span> <span class='ocrx_word' id='word_1_67' title='bbox 676 1933 707 1984; x_wconf 90' lang='lat' dir='ltr'><strong>et</strong></span> <span class='ocrx_word' id='word_1_68' title='bbox 736 1924 827 2002; x_wconf 84' lang='lat' dir='ltr'>quasi</span> <span class='ocrx_word' id='word_1_69' title='bbox 857 1921 966 1984; x_wconf 88' lang='lat' dir='ltr'><strong>florem</strong></span> <span class='ocrx_word' id='word_1_70' title='bbox 1002 1924 1174 2005; x_wconf 83' lang='lat' dir='ltr'>exprimere</span> 
     </span>
     <span class='ocr_line' id='line_1_11' title="bbox 180 2018 1179 2110; baseline 0.001 -28"><span class='ocrx_word' id='word_1_71' title='bbox 180 2032 298 2102; x_wconf 87' lang='lat' dir='ltr'><strong>potest,</strong></span> <span class='ocrx_word' id='word_1_72' title='bbox 318 2018 533 2110; x_wconf 69' lang='grc' dir='ltr'>(ἀπάρχεσθαι)</span> <span class='ocrx_word' id='word_1_73' title='bbox 554 2043 561 2081; x_wconf 76' lang='lat'>2</span> <span class='ocrx_word' id='word_1_74' title='bbox 580 2020 669 2081; x_wconf 89' lang='lat' dir='ltr'><strong>locus</strong></span> <span class='ocrx_word' id='word_1_75' title='bbox 698 2021 731 2080; x_wconf 93' lang='lat' dir='ltr'><strong>in</strong></span> <span class='ocrx_word' id='word_1_76' title='bbox 755 2041 790 2081; x_wconf 88' lang='lat' dir='ltr'><strong>ea</strong></span> <span class='ocrx_word' id='word_1_77' title='bbox 814 2021 975 2098; x_wconf 88' lang='lat' dir='ltr'><strong>brevitate,</strong></span> <span class='ocrx_word' id='word_1_78' title='bbox 994 2041 1058 2082; x_wconf 94' lang='lat' dir='ltr'><strong>non</strong></span> <span class='ocrx_word' id='word_1_79' title='bbox 1080 2022 1179 2103; x_wconf 89' lang='lat' dir='ltr'><strong>liquet</strong></span> 
     </span>
     <span class='ocr_line' id='line_1_12' title="bbox 171 2120 618 2202; baseline -0.002 -19"><span class='ocrx_word' id='word_1_80' title='bbox 171 2120 349 2202; x_wconf 86' lang='lat' dir='ltr'><strong>¹quomodo</strong></span> <span class='ocrx_word' id='word_1_81' title='bbox 365 2120 492 2182; x_wconf 89' lang='lat' dir='ltr'><strong>dilatari</strong></span> <span class='ocrx_word' id='word_1_82' title='bbox 508 2121 618 2200; x_wconf 88' lang='lat' dir='ltr'><strong>possit.</strong></span> 
     </span>
    </p>
   </div>
   <div class='ocr_carea' id='block_1_6' title="bbox 179 2257 1172 2796">
    <p class='ocr_par' dir='ltr' id='par_1_6' title="bbox 179 2257 1172 2796">
     <span class='ocr_line' id='line_1_13' title="bbox 237 2257 915 2335; baseline -0.009 -1"><span class='ocrx_word' id='word_1_83' title='bbox 237 2291 254 2322; x_wconf 68' lang='lat' dir='ltr'><em>a</em></span> <span class='ocrx_word' id='word_1_84' title='bbox 338 2276 449 2334; x_wconf 89' lang='lat' dir='ltr'><strong>acuta</strong></span> <span class='ocrx_word' id='word_1_85' title='bbox 467 2257 667 2334; x_wconf 84' lang='lat' dir='ltr'><strong>conclusio</strong></span> <span class='ocrx_word' id='word_1_86' title='bbox 685 2259 878 2335; x_wconf 81' lang='lat' dir='ltr'><strong>delibavit.</strong></span> <span class='ocrx_word' id='word_1_87' title='bbox 899 2300 915 2328; x_wconf 80' lang='lat'>„</span> 
     </span>
     <span class='ocr_line' id='line_1_14' title="bbox 190 2371 1171 2475; baseline -0.002 -25"><span class='ocrx_word' id='word_1_88' title='bbox 190 2466 193 2475; x_wconf 21' lang='lat'><strong>¹</strong></span> <span class='ocrx_word' id='word_1_89' title='bbox 233 2376 302 2450; x_wconf 90' lang='lat' dir='ltr'><strong>Vl.</strong></span> <span class='ocrx_word' id='word_1_90' title='bbox 325 2377 382 2450; x_wconf 85' lang='lat'><strong>28.</strong></span> <span class='ocrx_word' id='word_1_91' title='bbox 420 2407 436 2436; x_wconf 68' lang='lat' dir='ltr'><em>u</em></span> <span class='ocrx_word' id='word_1_92' title='bbox 462 2376 596 2472; x_wconf 88' lang='lat' dir='ltr'><strong>ltaque</strong></span> <span class='ocrx_word' id='word_1_93' title='bbox 623 2371 688 2447; x_wconf 88' lang='lat' dir='ltr'><strong>illa</strong></span> <span class='ocrx_word' id='word_1_94' title='bbox 721 2373 818 2447; x_wconf 92' lang='lat' dir='ltr'><strong>mihi</strong></span> <span class='ocrx_word' id='word_1_95' title='bbox 846 2376 1020 2473; x_wconf 82' lang='lat' dir='ltr'><strong>placebat</strong></span> <span class='ocrx_word' id='word_1_96' title='bbox 1047 2375 1171 2450; x_wconf 87' lang='lat' dir='ltr'><strong>oratio</strong></span> 
     </span>
     <span class='ocr_line' id='line_1_15' title="bbox 179 2478 1169 2588; baseline -0.002 -22"><span class='ocrx_word' id='word_1_97' title='bbox 179 2478 233 2566; x_wconf 89' lang='lat' dir='ltr'><strong>de</strong></span> <span class='ocrx_word' id='word_1_98' title='bbox 257 2489 525 2565; x_wconf 89' lang='lat' dir='ltr'><strong>convenientia</strong></span> <span class='ocrx_word' id='word_1_99' title='bbox 552 2513 820 2587; x_wconf 89' lang='lat' dir='ltr'><strong>consensuque</strong></span> <span class='ocrx_word' id='word_1_100' title='bbox 848 2506 1019 2577; x_wconf 86' lang='lat' dir='ltr'><strong>naturae,</strong></span> <span class='ocrx_word' id='word_1_101' title='bbox 1049 2514 1169 2588; x_wconf 87' lang='lat' dir='ltr'><strong>quam</strong></span> 
     </span>
     <span class='ocr_line' id='line_1_16' title="bbox 179 2604 1172 2705; baseline 0.002 -27"><span class='ocrx_word' id='word_1_102' title='bbox 179 2605 297 2705; x_wconf 88' lang='lat' dir='ltr'><strong>quasi</strong></span> <span class='ocrx_word' id='word_1_103' title='bbox 322 2604 545 2702; x_wconf 86' lang='lat' dir='ltr'><strong>cognatione</strong></span> <span class='ocrx_word' id='word_1_104' title='bbox 572 2604 796 2680; x_wconf 86' lang='lat' dir='ltr'><strong>continuata</strong></span> <span class='ocrx_word' id='word_1_105' title='bbox 824 2605 1046 2704; x_wconf 88' lang='lat' dir='ltr'><strong>conspirare</strong></span> <span class='ocrx_word' id='word_1_106' title='bbox 1072 2605 1172 2681; x_wconf 90' lang='lat' dir='ltr'><strong>dice·</strong></span> 
     </span>
     <span class='ocr_line' id='line_1_17' title="bbox 180 2722 303 2796; baseline -0.016 0"><span class='ocrx_word' id='word_1_107' title='bbox 180 2722 262 2796; x_wconf 87' lang='lat' dir='ltr'><strong>bat.</strong></span> <span class='ocrx_word' id='word_1_108' title='bbox 287 2757 303 2785; x_wconf 71' lang='lat' dir='ltr'><strong>n</strong></span> 
     </span>
    </p>
   </div>
   <div class='ocr_carea' id='block_1_7' title="bbox 179 2877 1170 4006">
    <p class='ocr_par' dir='ltr' id='par_1_7' title="bbox 179 2877 1170 3158">
     <span class='ocr_line' id='line_1_18' title="bbox 226 2877 1170 2964; baseline 0.001 -23"><span class='ocrx_word' id='word_1_109' title='bbox 226 2877 311 2941; x_wconf 91' lang='lat' dir='ltr'><strong>Adn.</strong></span> <span class='ocrx_word' id='word_1_110' title='bbox 329 2881 399 2940; x_wconf 88' lang='lat' dir='ltr'><strong>crit.</strong></span> <span class='ocrx_word' id='word_1_111' title='bbox 415 2914 456 2924; x_wconf 94' lang='lat'><em>-</em></span> <span class='ocrx_word' id='word_1_112' title='bbox 474 2879 674 2960; x_wconf 77' lang='lat' dir='ltr'><strong>Cognatione</strong></span> <span class='ocrx_word' id='word_1_113' title='bbox 694 2880 926 2940; x_wconf 83' lang='lat' dir='ltr'><strong>continuatam.</strong></span> <span class='ocrx_word' id='word_1_114' title='bbox 950 2915 991 2924; x_wconf 97' lang='lat'>—</span> <span class='ocrx_word' id='word_1_115' title='bbox 1007 2879 1057 2943; x_wconf 83' lang='lat' dir='ltr'><strong>cf.</strong></span> <span class='ocrx_word' id='word_1_116' title='bbox 1078 2880 1121 2955; x_wconf 85' lang='lat' dir='ltr'><strong>ll,</strong></span> <span class='ocrx_word' id='word_1_117' title='bbox 1139 2905 1170 2964; x_wconf 88' lang='lat'><strong>7,</strong></span> 
     </span>
     <span class='ocr_line' id='line_1_19' title="bbox 186 2977 1170 3062; baseline 0.001 -22"><span class='ocrx_word' id='word_1_118' title='bbox 186 2999 249 3062; x_wconf 88' lang='lat'><strong>19:</strong></span> <span class='ocrx_word' id='word_1_119' title='bbox 267 2986 358 3039; x_wconf 87' lang='lat' dir='ltr'><strong>tanta</strong></span> <span class='ocrx_word' id='word_1_120' title='bbox 380 2997 492 3040; x_wconf 86' lang='lat' dir='ltr'><strong>rerum</strong></span> <span class='ocrx_word' id='word_1_121' title='bbox 518 2979 727 3054; x_wconf 86' lang='lat' dir='ltr'><strong>consentiens,</strong></span> <span class='ocrx_word' id='word_1_122' title='bbox 752 2977 952 3058; x_wconf 77' lang='lat' dir='ltr'><strong>conspirans,</strong></span> <span class='ocrx_word' id='word_1_123' title='bbox 981 2980 1170 3042; x_wconf 85' lang='lat' dir='ltr'><strong>continuata</strong></span> 
     </span>
     <span class='ocr_line' id='line_1_20' title="bbox 179 3076 344 3158; baseline -0.018 -19"><span class='ocrx_word' id='word_1_124' title='bbox 179 3076 344 3158; x_wconf 76' lang='lat' dir='ltr'><strong>cognatio,</strong></span> 
     </span>
    </p>

    <p class='ocr_par' dir='ltr' id='par_1_8' title="bbox 181 3213 1170 3429">
     <span class='ocr_line' id='line_1_21' title="bbox 236 3213 1170 3314; baseline 0.004 -25"><span class='ocrx_word' id='word_1_125' title='bbox 236 3247 252 3278; x_wconf 70' lang='lat' dir='ltr'><strong>a</strong></span> <span class='ocrx_word' id='word_1_126' title='bbox 344 3239 464 3314; x_wconf 88' lang='lat' dir='ltr'><strong>quam</strong></span> <span class='ocrx_word' id='word_1_127' title='bbox 491 3214 602 3313; x_wconf 87' lang='lat' dir='ltr'><strong>quasi</strong></span> <span class='ocrx_word' id='word_1_128' title='bbox 628 3213 852 3310; x_wconf 83' lang='lat' dir='ltr'><strong>cognatione</strong></span> <span class='ocrx_word' id='word_1_129' title='bbox 878 3217 1103 3291; x_wconf 88' lang='lat' dir='ltr'><strong>continuari</strong></span> <span class='ocrx_word' id='word_1_130' title='bbox 1122 3242 1170 3293; x_wconf 92' lang='lat' dir='ltr'><strong>ac</strong></span> 
     </span>
     <span class='ocr_line' id='line_1_22' title="bbox 181 3329 629 3429; baseline -0.02 -23"><span class='ocrx_word' id='word_1_131' title='bbox 181 3330 405 3429; x_wconf 88' lang='lat' dir='ltr'><strong>conspirare</strong></span> <span class='ocrx_word' id='word_1_132' title='bbox 423 3329 589 3406; x_wconf 84' lang='lat' dir='ltr'><strong>dicebas.</strong></span> <span class='ocrx_word' id='word_1_133' title='bbox 613 3367 629 3397; x_wconf 78' lang='lat'>„</span> 
     </span>
    </p>

    <p class='ocr_par' dir='ltr' id='par_1_9' title="bbox 181 3445 1168 3637">
     <span class='ocr_line' id='line_1_23' title="bbox 232 3445 1168 3548; baseline 0.001 -25"><span class='ocrx_word' id='word_1_134' title='bbox 232 3447 338 3548; x_wconf 86' lang='lat' dir='ltr'><strong>XIX.</strong></span> <span class='ocrx_word' id='word_1_135' title='bbox 366 3449 423 3522; x_wconf 84' lang='lat'><strong>50.</strong></span> <span class='ocrx_word' id='word_1_136' title='bbox 451 3445 705 3520; x_wconf 86' lang='lat' dir='ltr'><strong>Leonaticum</strong></span> <span class='ocrx_word' id='word_1_137' title='bbox 728 3480 744 3510; x_wconf 68' lang='lat' dir='ltr'><strong>n</strong></span> <span class='ocrx_word' id='word_1_138' title='bbox 777 3447 925 3520; x_wconf 74' lang='lat' dir='ltr'><strong>«lDeo</strong></span> <span class='ocrx_word' id='word_1_139' title='bbox 953 3448 1086 3522; x_wconf 87' lang='lat' dir='ltr'><strong>nativo</strong></span> <span class='ocrx_word' id='word_1_140' title='bbox 1107 3472 1168 3525; x_wconf 88' lang='lat' dir='ltr'><strong>sa-</strong></span> 
     </span>
     <span class='ocr_line' id='line_1_24' title="bbox 181 3585 346 3637; baseline -0.042 -1"><span class='ocrx_word' id='word_1_141' title='bbox 181 3585 305 3637; x_wconf 68' lang='lat' dir='ltr'><strong>crum.</strong></span> <span class='ocrx_word' id='word_1_142' title='bbox 330 3601 346 3629; x_wconf 81' lang='lat' dir='ltr'><strong>n</strong></span> 
     </span>
    </p>

    <p class='ocr_par' dir='ltr' id='par_1_10' title="bbox 183 3675 1167 4006">
     <span class='ocr_line' id='line_1_25' title="bbox 232 3675 1166 3778; baseline 0.003 -26"><span class='ocrx_word' id='word_1_143' title='bbox 232 3679 353 3754; x_wconf 91' lang='lat' dir='ltr'><strong>XXV.</strong></span> <span class='ocrx_word' id='word_1_144' title='bbox 375 3680 436 3774; x_wconf 81' lang='lat'><strong>64.</strong></span> <span class='ocrx_word' id='word_1_145' title='bbox 460 3708 476 3739; x_wconf 68' lang='lat' dir='ltr'><strong>a</strong></span> <span class='ocrx_word' id='word_1_146' title='bbox 493 3675 635 3752; x_wconf 90' lang='lat' dir='ltr'><strong>Omnis</strong></span> <span class='ocrx_word' id='word_1_147' title='bbox 650 3675 762 3774; x_wconf 85' lang='lat' dir='ltr'><strong>igitur</strong></span> <span class='ocrx_word' id='word_1_148' title='bbox 776 3676 861 3751; x_wconf 86' lang='lat' dir='ltr'><strong>talis</strong></span> <span class='ocrx_word' id='word_1_149' title='bbox 878 3701 901 3752; x_wconf 87' lang='lat' dir='ltr'><strong>a</strong></span> <span class='ocrx_word' id='word_1_150' title='bbox 918 3677 1166 3778; x_wconf 88' lang='lat' dir='ltr'><strong>philosophia</strong></span> 
     </span>
     <span class='ocr_line' id='line_1_26' title="bbox 183 3791 1167 3892; baseline 0.004 -27"><span class='ocrx_word' id='word_1_151' title='bbox 183 3792 348 3892; x_wconf 87' lang='lat' dir='ltr'><strong>pellatur</strong></span> <span class='ocrx_word' id='word_1_152' title='bbox 374 3816 496 3879; x_wconf 88' lang='lat' dir='ltr'><strong>error,</strong></span> <span class='ocrx_word' id='word_1_153' title='bbox 523 3807 577 3874; x_wconf 87' lang='lat' dir='ltr'><strong>ut,</strong></span> <span class='ocrx_word' id='word_1_154' title='bbox 599 3815 689 3866; x_wconf 90' lang='lat' dir='ltr'><strong>cum</strong></span> <span class='ocrx_word' id='word_1_155' title='bbox 717 3791 765 3866; x_wconf 95' lang='lat' dir='ltr'><strong>de</strong></span> <span class='ocrx_word' id='word_1_156' title='bbox 795 3791 855 3866; x_wconf 92' lang='lat' dir='ltr'><strong>dis</strong></span> <span class='ocrx_word' id='word_1_157' title='bbox 881 3792 1167 3869; x_wconf 86' lang='lat' dir='ltr'><strong>immortalibus</strong></span> 
     </span>
     <span class='ocr_line' id='line_1_27' title="bbox 184 3903 940 4006; baseline -0.009 -24"><span class='ocrx_word' id='word_1_158' title='bbox 184 3903 442 4006; x_wconf 67' lang='lat' dir='ltr'><strong>disputemus</strong></span> <span class='ocrx_word' id='word_1_159' title='bbox 463 3905 640 3981; x_wconf 87' lang='lat' dir='ltr'><strong>dicamus</strong></span> <span class='ocrx_word' id='word_1_160' title='bbox 659 3904 815 4002; x_wconf 83' lang='lat' dir='ltr'><strong>indigna</strong></span> <span class='ocrx_word' id='word_1_161' title='bbox 835 3906 903 3994; x_wconf 90' lang='lat' dir='ltr'><strong>iis;</strong></span> <span class='ocrx_word' id='word_1_162' title='bbox 924 3944 940 3975; x_wconf 62' lang='lat' dir='ltr'><em>n</em></span> 
     </span>
    </p>
   </div>
   <div class='ocr_carea' id='block_1_8' title="bbox 225 4072 1166 4155">
    <p class='ocr_par' dir='ltr' id='par_1_11' title="bbox 225 4072 1166 4155">
     <span class='ocr_line' id='line_1_28' title="bbox 225 4072 1166 4155; baseline 0 -20"><span class='ocrx_word' id='word_1_163' title='bbox 225 4072 311 4135; x_wconf 85' lang='lat' dir='ltr'><strong>Adn.</strong></span> <span class='ocrx_word' id='word_1_164' title='bbox 329 4073 396 4135; x_wconf 89' lang='lat' dir='ltr'><strong>crit.</strong></span> <span class='ocrx_word' id='word_1_165' title='bbox 418 4109 458 4117; x_wconf 95' lang='lat'><em>-</em></span> <span class='ocrx_word' id='word_1_166' title='bbox 478 4073 636 4134; x_wconf 86' lang='lat' dir='ltr'><strong>Dicamus</strong></span> <span class='ocrx_word' id='word_1_167' title='bbox 658 4073 795 4154; x_wconf 75' lang='lat' dir='ltr'><strong>indigna</strong></span> <span class='ocrx_word' id='word_1_168' title='bbox 811 4074 851 4135; x_wconf 86' lang='lat' dir='ltr'><strong>iis</strong></span> <span class='ocrx_word' id='word_1_169' title='bbox 866 4076 986 4155; x_wconf 88' lang='lat' dir='ltr'><strong>scripsi,</strong></span> <span class='ocrx_word' id='word_1_170' title='bbox 1004 4075 1166 4137; x_wconf 87' lang='lat' dir='ltr'><strong>dicaliusu</strong></span> 
     </span>
    </p>
   </div>
   <div class='ocr_carea' id='block_1_9' title="bbox 0 0 1686 5040">
    <p class='ocr_par' dir='ltr' id='par_1_12' title="bbox 0 0 1686 5040">
     <span class='ocr_line' id='line_1_29' title="bbox 0 0 1686 5040; baseline 0 0"><span class='ocrx_word' id='word_1_171' title='bbox 0 0 1686 5040; x_wconf 95' lang='lat' dir='ltr'><strong> </strong></span> 
     </span>
    </p>
   </div>
  </div>
 </body>
</html>
