3356 5040
639 629 801 681 ORATOR.
1176 622 1211 683 31

267 796 372 863 Codd.
390 799 513 860 Totos:
530 797 616 878 apud
634 798 738 861 Sorof.
755 809 785 860 et
802 797 931 862 Piderit.
949 809 1049 862 toros.

267 898 305 960 ln
320 896 521 972 Cluentiana,
538 897 630 970 XXI,
645 897 695 971 58,
715 900 765 980 59,
782 896 889 959 festive
901 909 1046 960 narratur
1061 896 1213 980 quemad

221 997 357 1061 modum
372 1008 525 1080 patronus
540 995 672 1078 quidam
694 995 764 1058 loco
785 998 939 1073 oratorio,
960 1017 1056 1079 quem
1069 1011 1213 1062 accurate

221 1096 394 1161 meditatus
419 1107 496 1171 erat,
531 1095 735 1158 defraudatus
761 1097 813 1158 sit.
847 1098 1044 1178 «Respicite,
1076 1098 1211 1178 iudices,

224 1197 391 1259 bominum
415 1194 585 1277 fortunas,
617 1195 804 1275 respicite...
834 1196 905 1257 Hic
933 1195 1055 1260 iudices
1083 1196 1213 1272 ridere,-

219 1295 422 1360 stomacbari
436 1303 533 1376 atque
555 1294 671 1356 acerbe
682 1293 785 1376 ferre
798 1303 1017 1376 patronum„
1033 1314 1068 1357 se
1081 1307 1211 1358 caetera

223 1395 265 1457 de
285 1394 316 1455 il
323 1395 336 1454 l
342 1413 361 1454 o
388 1394 472 1455 loco
489 1418 498 1455 :
514 1393 684 1473 Respicite,
698 1393 831 1467 iudices,
859 1411 922 1455 non
942 1413 1038 1474 posse
1062 1394 1181 1458 dicere.
1195 1421 1210 1448 υ

276 1581 293 1612 α
309 1554 387 1625 Aut
401 1548 507 1625 addit
520 1548 687 1647 aliquos,
702 1565 743 1624 ut
758 1550 825 1623 itta
839 1550 1209 1636 cohonestettocos..

273 1668 341 1742 Vl.
364 1690 420 1741 22.
446 1696 462 1727 a
484 1667 641 1739 Horum
661 1664 904 1762 singulorum
922 1688 1107 1761 generum
1126 1665 1212 1764 qui·

219 1805 392 1880 cumque
414 1779 497 1855 vim
521 1779 561 1854 in
586 1778 745 1877 singulis
772 1779 967 1880 consecuti
999 1793 1101 1865 sunt,
1132 1804 1212 1855 ma-

217 1922 342 1998 gnum
375 1897 415 1972 in
446 1895 663 1972 oratoribus
694 1919 838 1971 nomen
866 1896 1101 1972 habuerunt.
1136 1895 1212 1971 Sed

218 2010 544 2113 quaerendum...
565 2049 582 2079 2

275 2158 292 2188 α
312 2129 470 2201 Horum
492 2124 738 2223 singulorum
766 2150 949 2224 generum
972 2127 1124 2224 quidem
1144 2127 1214 2224 qui

219 2242 304 2318 vim
324 2241 530 2340 insigniter
555 2241 751 2317 consecuti
776 2256 944 2326 sunt,
971 2241 1208 2328 habuerunt;

223 2356 362 2547 se(llll.
386 2494 443 2546 22.
476 2469 699 2545 «Videmus
729 2469 834 2545 enim
862 2469 979 2544 luisse
1005 2469 1210 2568 quosdam.

222 2585 290 2686 qui
309 2585 426 2661 iidem
445 2602 580 2660 ornate
598 2609 643 2660 ac
660 2584 838 2686 graviter,
859 2583 978 2659 iidem
996 2600 1148 2660 versute
1166 2608 1211 2660 ac

222 2701 411 2777 subtiliter
429 2700 610 2776 dicerent.
633 2739 649 2768 „

266 2874 353 2936 Hinc
377 2870 501 2934 videtur
525 2877 566 2934 A.
596 2871 718 2934 Gellius
746 2870 994 2952 deprompsisse,
1025 2890 1107 2952 quae
1135 2881 1210 2934 sunt

222 2973 279 3036 lib.
303 2973 361 3048 Vl,
383 2993 429 3053 14,
452 2993 462 3033 1
484 2993 525 3033 :u
548 2970 649 3033 Uberi
669 2971 814 3052 dignitas
835 2981 932 3051 atque
951 2969 1131 3051 amplitudo
1153 2975 1232 3050 est,

218 3071 344 3156 gracili
368 3079 550 3133 venustas
575 3079 606 3132 et
629 3069 906 3132 subtilitas...»
987 3131 989 3134 .

275 3224 490 3300 «iidem
514 3236 672 3301 venuste
699 3250 743 3301 ac
768 3225 954 3301 subtiliter
979 3223 1170 3299 dixerunt.
1191 3263 1207 3291 „

275 3344 331 3417 IX
346 3363 404 3437 29.
430 3373 445 3402 a
466 3341 572 3415 Dum
588 3339 845 3437 intelligamus
861 3341 933 3415 hoc
947 3365 1028 3415 esse
1040 3339 1210 3416 Atticum

224 3458 265 3532 in
281 3455 398 3557 Lysia
413 3455 609 3555 nonquod
619 3456 744 3530 tenuis
756 3455 925 3554 sitatque
935 3455 1206 3531 inornatus...»

275 3603 293 3640 «
315 3572 387 3646 hoc
417 3595 499 3645 esse
530 3569 700 3646 Atticum
738 3571 849 3644 illum
885 3570 1096 3670 [Lysiam],
1134 3593 1210 3644 non

223 3687 401 3785 quod...»

276 3803 343 3877 IX.
365 3804 421 3877 32.
448 3833 464 3862 a
483 3803 567 3876 Nec
585 3825 693 3887 veru,
714 3799 746 3874 si
773 3798 975 3875 historiam
994 3824 1073 3874 non
1093 3797 1210 3897 scrip·

223 3914 345 4003 sisset,
373 3939 517 3990 nomen
545 3915 626 3989 eius
647 3913 829 4003 exstaret<
840 3938 965 4012 quum
983 3912 1209 4013 praesertim

224 4030 355 4106 fuisset
373 4031 587 4106 honoratus
605 4049 639 4106 et
658 4031 809 4107 nobilis.
830 4067 847 4098 n
