3356 5040
663 579 732 630 Lm.
759 579 784 630 1.
1197 582 1219 648 7

225 754 324 816 Haec
335 757 407 810 erat
422 747 611 828 illisforma
628 745 785 827 Madvig„
804 748 934 820 Baiter„
950 745 1048 807 Haec
1061 765 1090 807 er
1100 755 1136 807 at
1148 745 1218 809 illis

218 851 334 934 prima
349 848 473 930 reliqui,
489 847 587 909 Haec
607 846 722 927 forma
747 856 821 908 erat
845 846 913 908 illis
930 845 1077 927 primum
1102 844 1213 909 Halm.

225 947 468 1030 Disputationes
482 944 588 1023 codd„
605 945 840 1027 dissupationes
856 946 940 1007 Bait.
964 945 1213 1008 immutationes

227 1045 339 1109 Halm.
356 1081 396 1090 —

265 1146 367 1208 Varro
379 1142 580 1224 disciplinam
595 1143 794 1206 Platonicam
806 1142 1013 1223 adumbrans,
1027 1147 1094 1207 eius
1110 1157 1213 1226 partes

223 1243 407 1326 praecipuas
436 1254 624 1316 enumerat;
662 1253 758 1323 atque
793 1243 1025 1305 enumerationi
1060 1241 1213 1305 idoneum

222 1340 414 1403 vocabulum
422 1340 555 1423 ferme,·
578 1342 629 1402 cui
645 1339 805 1403 modestae
820 1343 1036 1406 enuntiationi
1057 1342 1133 1404 haec
1148 1360 1212 1404 res-

221 1438 387 1520 pondent:
408 1439 640 1518 «praeclare
662 1438 848 1518 explicatur
868 1439 1159 1521 Peripateticorum
1182 1449 1212 1501 et

218 1536 554 1600 Academiaeveteris
575 1537 765 1598 auctoritas.
789 1558 802 1594 u
831 1537 1076 1616 Dissupationes
1103 1550 1210 1600 autem

221 1637 358 1697 nimium
383 1635 485 1696 dicere
506 1635 585 1696 mihi
610 1634 738 1716 quidem
761 1634 924 1709 videntur;
948 1654 1023 1696 nam
1045 1636 1212 1717 quierant

219 1736 312 1816 quasi
326 1732 486 1796 heredesa
505 1733 639 1797 Platone
661 1733 771 1809 relicti,
796 1733 867 1795 illos
891 1734 1002 1797 Cicero
1024 1754 1090 1795 non
1115 1733 1209 1797 deco·

218 1834 309 1911 xisse‚
338 1833 392 1896 sed
418 1846 581 1915 acceptum
603 1833 693 1896 aliter
720 1831 956 1898 administrasse
978 1835 1209 1914 patrimonium

217 1933 343 2012 saepius
368 1933 487 1995 asserit.
516 1932 566 1995 cf.
597 1933 694 2013 Legg.
722 1932 747 1995 Ι.
776 1934 823 1995 ι3.
857 1933 907 1998 38.
932 1932 1029 2010 Quod
1050 1945 1208 2015 quatenus

217 2050 327 2094 verum
343 2033 392 2106 sit,
409 2029 502 2106 ἄλλος
518 2030 555 2095 ἂν
570 2037 615 2105 εἴη
628 2030 715 2118 λόγος
731 2025 829 2106 οὗτος.

269 2211 286 2240 «ι
310 2180 418 2253 Haec
436 2181 572 2276 ferme
601 2188 682 2253 erat
716 2177 790 2253 illis
824 2180 952 2254 forma
984 2204 1007 2254 a
1045 2182 1207 2256 Platone

217 2290 373 2378 tradita;
403 2293 515 2369 cuius
533 2319 631 2393 quas
657 2292 872 2393 acceperim
890 2295 1202 2392 dispensationes,

217 2403 249 2479 si
267 2409 481 2498 uolueritis,
503 2434 710 2510 exponam.
732 2449 749 2480 s

268 2524 335 2598 IX.
371 2527 423 2602 35.
466 2555 482 2586 a
508 2528 615 2600 Zeno
645 2549 785 2602 cum...
822 2524 980 2600 valde...
1016 2523 1203 2600 subtiliter

213 2633 416 2714 dissereret
433 2656 468 2716 et
485 2655 664 2740 peracute
682 2665 923 2716 movererur.
948 2679 964 2709 n

257 2803 493 2884 Compendium
507 2824 567 2868 con
583 2807 727 2886 suspicor
741 2805 903 2869 excidisse.

265 2979 282 3010 a
306 2951 354 3025 Et
377 2967 556 3050 peracute
574 2967 912 3032 commentaretur.
932 2995 948 3024 „
