3356 5040
473 606 514 670 60
866 617 1065 669 nonanus.

524 817 541 846 κ
564 781 693 859 Etiam
728 782 839 858 victis
873 785 1096 859 nationibus
1130 809 1276 881 graves,
1311 784 1457 859 nedum

469 897 682 974 victoribus
702 897 999 974 Macedonibus.
1019 903 1077 973 At
1092 899 1278 974 adversus
1298 924 1455 998 quem.»

520 1012 639 1086 XXV.
658 1013 717 1086 31.
739 1043 755 1072 u
773 1011 854 1087 Sibi
869 1013 1050 1088 omnium
1067 1015 1295 1088 laborum...
1314 1038 1457 1112 nequa-

471 1150 589 1226 quam
605 1142 757 1202 tantum
776 1128 945 1202 fructum
965 1127 1168 1226 essequod
1188 1152 1326 1227 capere
1344 1131 1456 1228 Syra·

470 1266 583 1318 cusas
601 1243 798 1341 potuisset.
823 1279 840 1310 n

510 1445 552 1456 -
568 1412 661 1473 Boot.
678 1411 700 1472 l.
718 1411 740 1472 1.
760 1433 773 1470 t
792 1429 994 1492 nequaquam
1010 1419 1136 1471 tenuem
1152 1408 1299 1470 fmctum.
1323 1429 1336 1466 t

524 1591 540 1619 a
622 1559 887 1657 Nequaquam
905 1558 1098 1631 tantulum
1119 1557 1289 1632 fructum
1308 1582 1455 1631 esse...»

523 1675 566 1748 C.
588 1675 734 1747 Tncrrr
753 1676 1007 1756 Aanrcocnu,
1027 1673 1102 1746 Xll
1120 1676 1182 1767 (1).
1203 1707 1218 1735 a
1237 1670 1343 1748 Olim
1367 1672 1458 1769 regi-

473 1790 547 1863 bus
565 1789 765 1888 parebant‚
788 1810 893 1860 nunc
910 1811 979 1885 per
1001 1787 1195 1884 principes
1227 1785 1458 1862 factionibus

472 1918 508 1978 et
525 1901 660 1977 studiis
685 1903 903 1978 trahuntur.
926 1903 1008 1975 Nee
1026 1900 1132 1974 aliud
1161 1901 1346 1976 adversus
1363 1901 1456 1977 vali-

471 2016 650 2092 dissimas
675 2015 796 2114 gentis
823 2039 895 2113 pro
921 2013 1034 2097 nobis
1061 2013 1191 2090 utilius
1209 2041 1331 2114 quam
1349 2017 1457 2116 quod

473 2132 514 2206 in
531 2157 741 2208 commune
759 2157 838 2206 non
857 2132 1079 2206 consulunt.
1105 2168 1121 2197 n

524 2280 541 2309 a
567 2305 623 2332 ...‚
645 2271 750 2322 nunc
765 2258 952 2348 praesunt
974 2246 1183 2345 principes.
1208 2248 1456 2323 Factionibus

473 2377 507 2437 et
526 2361 663 2437 studiis
681 2364 906 2449 trahuntur;
937 2386 1006 2436 nec
1034 2360 1140 2436 aliud
1159 2361 1345 2437 adversus
1362 2359 1455 2437 vali-

471 2475 651 2552 dissimas
667 2493 793 2573 gentes
805 2487 1031 2575 praestatur
1050 2475 1166 2551 nobis
1183 2475 1361 2552 utilius...
1386 2513 1402 2543 n

519 2597 566 2667 A.
588 2594 788 2680 Gaurum,
808 2594 915 2678 XIX,
943 2616 1001 2688 14,
1023 2593 1045 2667 8
1064 2596 1121 2689 (2).
1152 2625 1167 2654 a
1190 2594 1358 2669 Graecos
1377 2617 1455 2666 non

471 2721 602 2804 tantaq
622 2705 793 2782 inscitiae
814 2729 978 2794 arcesso,
1005 2707 1074 2806 qui
1098 2739 1132 2780 ου
1154 2733 1200 2782 ex
1217 2735 1232 2775 ο
1251 2724 1287 2782 et
1303 2744 1321 2780 υ
1340 2709 1457 2807 scrip

472 2835 616 2909 serunt,
639 2822 820 2920 [quantae
847 2820 967 2896 nostri
994 2822 1166 2923 fuerunt]
1194 2823 1262 2922 qui
1280 2827 1323 2921 (e)
1342 2824 1354 2898 i
1372 2849 1418 2898 ex
1435 2849 1455 2898 e

470 2937 535 3012 eti
557 2964 564 3012 :
589 2935 685 3012 illud
703 2937 806 3012 enim
833 2937 965 3037 inopia
989 2940 1171 3026 fecerunt,
1197 2941 1270 3015 hoc
1289 2941 1397 3015 nulla
1416 2965 1455 3015 re

471 3052 632 3128 subacti.
657 3092 673 3122 η

524 3203 539 3231 a
626 3185 793 3267 quantae
812 3170 1064 3267 ignorantiae
1081 3171 1140 3244 rei
1154 3173 1265 3256 fiunt,
1282 3170 1350 3271 qui
1367 3195 1392 3234 ει
1409 3195 1454 3244 ex

469 3297 535 3356 tet
554 3309 604 3356 t...
628 3318 644 3347 n

811 3499 1105 3575 HORATIUS.

512 3709 548 3770 In
565 3708 627 3770 vol.
644 3710 721 3773 XVI
737 3710 965 3792 Mnemosynae
977 3711 1124 3775 lectiones
1139 3714 1248 3776 insunt
1258 3715 1451 3785 Venusinae,

467 3826 594 3889 unaque
608 3820 769 3882 venustae,
794 3829 873 3891 quas
894 3812 1079 3890 conscripsit
1102 3811 1150 3872 vir
1165 3811 1278 3874 doctus
1294 3813 1452 3877 Cornelis-

499 3986 534 4051 (1)
551 3985 706 4056 Schuluusg.
721 4003 747 4041 v,
760 3987 793 4038 Β*
804 3989 836 4041 Α.
851 3988 976 4056 Draeger.
994 3978 1070 4057 1879(

499 4069 534 4134 (2)
553 4069 591 4120 Ex
602 4085 701 4123 recens.
717 4071 754 4123 M.
769 4071 858 4120 Hertz.
877 4070 946 4121 1853.

1670 3485 1674 3541 ἴ

1671 3550 1675 3591 r

1672 3700 1677 3837 t
