3356 5040
747 830 854 906 PRO
883 829 1048 906 CORN.
1082 831 1273 908 BALBO.

569 1045 619 1120 ll.
641 1047 676 1121 6.
701 1075 718 1106 κ
739 1046 846 1119 Haec
873 1057 962 1118 sunt
994 1043 1147 1142 propria
1179 1045 1349 1120 Cornelii
1378 1077 1385 1122 :
1415 1047 1504 1124 talis

515 1161 555 1242 in
585 1184 667 1235 rem
696 1157 892 1258 publicam
921 1173 1093 1232 nostram
1123 1159 1248 1245 labor,
1269 1159 1497 1250 adsiduitas,

515 1273 726 1362 dimicatio,
759 1273 882 1350 virtus
914 1273 1025 1370 digna
1059 1298 1216 1348 summo
1253 1272 1496 1373 imperatore,

516 1415 603 1490 spes
622 1413 692 1489 pro
712 1385 892 1487 periculis
913 1385 1194 1486 praemiorum.
1218 1377 1396 1464 Praemia
1415 1389 1500 1489 qui·

515 1505 604 1581 dem
624 1503 706 1602 ipsa
727 1527 806 1577 non
825 1500 971 1577 suntin
995 1499 1077 1575 eius
1096 1501 1240 1577 facto...
1265 1540 1281 1571 2,

564 1653 580 1683 κ
668 1619 753 1694 talis
772 1617 811 1692 in
831 1644 860 1693 r.
879 1643 916 1717 p.
947 1632 1120 1692 nostram
1139 1620 1248 1695 labor
1266 1619 1492 1708 adsiduitas,

512 1735 712 1812 dimicatio
729 1733 864 1821 virtus,
881 1736 990 1830 (1)·nt
1015 1731 1130 1830 digna
1148 1759 1305 1810 summo
1328 1735 1495 1837 impera·

509 1869 590 1927 tore
623 1874 748 1948 speres
781 1873 853 1948 pro
892 1845 1072 1946 periculis
1093 1849 1287 1945 praemia.
1316 1850 1492 1935 Quorum

508 1964 681 2066 praemia
700 1962 859 2062 quidem
880 1961 1008 2061 ipsa...

560 2083 632 2158 111.
653 2083 690 2154 6.
714 2112 731 2142 κ
752 2079 795 2153 Id
814 2092 1012 2154 accusator
1031 2100 1110 2151 non
1138 2095 1258 2175 negat,
1280 2080 1345 2155 sed
1365 2105 1492 2180 repre-

510 2195 657 2285 hendit,
679 2210 725 2270 ut
743 2193 783 2268 in
803 2191 982 2268 Cornelio
1000 2216 1117 2267 causa
1142 2191 1263 2290 ipsius
1290 2196 1489 2293 probetur.

508 2336 632 2411 poena
650 2325 871 2411 quaeratur,
893 2307 932 2381 in
953 2306 1140 2404 Pompeio
1165 2330 1281 2383 causa
1300 2309 1487 2399 laedatur,

506 2452 631 2528 poena
649 2425 697 2501 sit
722 2426 841 2500 nulla.
869 2423 895 2519 †
915 2423 978 2498 Sic
1002 2423 1163 2509 famam,
1185 2423 1239 2499 sic
1258 2424 1491 2503 innocentis-

506 2542 595 2617 simi
615 2541 832 2616 hominis...

547 2704 644 2786 Apud
661 2703 770 2766 Madv.
794 2704 923 2783 (Opusc.
947 2701 1036 2765 acad.
1060 2703 1126 2780 ait.)
1146 2702 1265 2768 datur:
1283 2705 1388 2770 Codd.
1407 2710 1444 2772 P.
1461 2711 1492 2774 si

495 2805 595 2888 fame
618 2805 648 2866 si
672 2802 934 2876 innocentissimi,
964 2802 1044 2865 Oxx.
1071 2803 1101 2864 si
1125 2812 1231 2866 tamen
1250 2806 1359 2886 same,
1389 2809 1419 2870 si
1444 2810 1492 2872 sic

494 2902 626 2984 famae.
1249 2925 1254 2936 ·

556 3081 573 3112 u
591 3048 657 3124 sed
672 3045 915 3146 reprehendit
930 3061 1017 3120 ut...
1036 3068 1158 3142 poena
1173 3045 1219 3120 sit
1233 3049 1352 3124 nulla.
1361 3051 1488 3128 Nulla

499 3164 706 3258 sitfamae‚
727 3163 780 3236 sic
797 3173 927 3235 tamen
949 3161 1298 3236 innocentissimi...
1319 3202 1335 3233 „

548 3281 675 3354 XVII.
696 3279 754 3352 38.
786 3309 802 3339 κ
821 3276 899 3372 Qui
924 3302 946 3351 a
971 3273 1163 3374 principio
1189 3277 1249 3351 sui
1276 3279 1421 3373 generis
1440 3306 1485 3358 ac

500 3392 747 3493 reipublicae,
777 3390 816 3466 id
844 3406 910 3468 est.
938 3393 987 3467 ab
1012 3391 1121 3466 omni
1146 3393 1273 3468 studio
1292 3419 1485 3495 sensuque

501 3511 740 3592 Poenorum,
751 3521 895 3581 mentes
912 3531 1002 3580 suas
1016 3505 1065 3580 ad
1081 3522 1257 3582 nostrum
1273 3507 1480 3606 imperium

499 3647 720 3720 nomenque
739 3621 940 3696 flexerunt.
962 3659 978 3688 n
1248 3617 1253 3630 '

531 3825 573 3837 --
591 3757 696 3854 Codd.
721 3794 762 3864 A,
783 3789 819 3851 Β.
848 3807 869 3849 a
883 3788 1050 3868 principio
1070 3788 1125 3850 sui
1138 3790 1269 3870 generis
1294 3801 1353 3853 ant
1367 3769 1482 3853 'stndio

526 3986 561 4051 (ι)
573 3985 666 4037 Oratio
679 3983 843 4036 bimembris.
858 3983 997 4051 Naegelsb.
1012 3984 1067 4036 Lat.
1082 3983 1138 4038 Stil.
1153 3986 1170 4047 ἓ
1187 3985 1240 4052 ¹73·
