3356 5040
591 1173 1042 1254 ACADEMICORUM
1082 1178 1339 1255 PRIORUM

894 1520 973 1575 LlB.
999 1520 1041 1575 ll.

526 1797 599 1874 111.
621 1821 656 1893 9.
677 1827 693 1856 κ
712 1796 787 1872 Sed
807 1811 848 1871 ut
874 1798 1081 1896 potuerint,
1098 1814 1307 1897 potuerunt
1334 1799 1462 1874 omni-

476 1913 549 1986 bus
574 1912 690 1985 rebus
708 1911 861 1986 auditis.
884 1951 900 1981 ‚2

524 2058 541 2088 u
554 2025 629 2102 Sed
647 2042 689 2100 ut
707 2029 924 2125 potuerint,
948 2031 1120 2126 oportuit
1141 2029 1325 2104 omnibus
1343 2031 1458 2105 rebus

472 2141 630 2218 auditis.
654 2180 670 2209 n

526 2257 592 2332 IV.
621 2280 678 2331 ιο.
703 2255 881 2332 «Dicam
908 2257 1013 2332 enim
1043 2282 1112 2333 nec
1139 2283 1224 2335 mea
1253 2283 1398 2342 necea,
1421 2259 1460 2332 in

475 2369 620 2470 quibus
639 2395 732 2458 non,
755 2371 785 2446 si
804 2373 899 2447 falsa
924 2373 1078 2459 fuerint,
1106 2372 1209 2449 vinci
1237 2399 1299 2449 me
1324 2374 1459 2457 malim

476 2509 597 2584 quarn
618 2485 785 2561 vincere.
809 2527 824 2556 n

516 2677 558 2692 -··
572 2642 658 2705 Adn.
675 2645 744 2706 crit.
762 2642 865 2707 Codd.
884 2645 1047 2725 inquibus
1069 2664 1133 2707 non
1146 2647 1176 2708 si
1185 2646 1325 2727 suerint,
1341 2659 1463 2730 praeter

477 2739 566 2802 Leid.
586 2741 624 2814 B,
641 2740 674 2802 in
690 2742 806 2823 quibus
818 2742 848 2804 si
862 2742 1076 2825 nonfuerint.
1090 2780 1130 2790 -

530 2885 707 2962 «Dicam
738 2887 842 2966 enirn
874 2913 943 2964 nec
970 2912 1069 2976 mea,
1087 2913 1156 2965 nec
1175 2915 1218 2964 ea
1243 2888 1282 2964 in
1301 2890 1459 2989 quibus,

474 3003 636 3077 nomine
659 3004 731 3078 etsi
733 3006 844 3101 freta
866 3016 993 3092 erunt,
1014 3006 1170 3080 vincere
1188 3004 1322 3080 malim
1342 3030 1462 3105 quam

476 3141 590 3194 yma.
607 3156 622 3185 n

523 3235 614 3309 VII.
649 3257 710 3308 21.
739 3265 755 3294 κ
779 3233 886 3329 Quid
919 3234 966 3310 de
996 3250 1111 3322 tactu,
1142 3250 1178 3309 et
1208 3260 1253 3309 eo
1285 3234 1460 3333 quidem,

476 3370 594 3446 quern
612 3346 834 3446 philosophi
858 3348 1078 3424 interiorem
1100 3365 1252 3434 vocant,
1274 3361 1340 3423 aut
1357 3347 1463 3421 dolo-

477 3461 531 3537 ris
557 3478 622 3537 aut
645 3462 874 3560 voluptatis?
900 3463 940 3538 in
968 3489 1048 3563 quo
1070 3463 1271 3564 Cyrenaici
1290 3464 1373 3538 solo
1391 3485 1462 3560 pu-

479 3589 560 3651 tant
576 3576 659 3650 veri
677 3601 760 3650 esse
773 3575 974 3662 iudicium,
996 3577 1058 3652 cui
1076 3574 1325 3652 adsentiatur.
1350 3613 1367 3644 ,ι

518 3738 604 3804 Adn.
621 3741 689 3803 crit.
707 3727 748 3786 ἕ-
766 3741 830 3805 Cui
844 3740 1048 3803 adsentiatur
1064 3739 1205 3820 Madvig.
1223 3758 1359 3821 eumque
1374 3757 1463 3801 secu-

478 3851 530 3904 tus
546 3839 662 3902 Baiter.
679 3837 775 3903 codd.
792 3840 870 3922 quia
888 3839 1058 3902 sentiatur.
1076 3874 1117 3884 -

533 4021 550 4053 κ
574 3992 619 4066 In
649 4014 728 4091 quo
760 3986 962 4089 Cyrenaici
994 3989 1076 4061 solo
1106 3999 1242 4085 putant
1270 3983 1352 4058 veri
1382 4007 1465 4058 esse

480 4101 686 4192 iudicium,
706 4127 824 4204 quam
843 4129 869 4178 a
885 4127 925 4179 se
941 4104 1103 4178 cieatur.
1126 4141 1143 4172 a
