3356 5040
486 594 534 646 AD
557 592 733 655 QUINTUM
757 590 943 642 FRATREM.
1173 579 1212 660 43

228 763 364 848 Gallia,
392 777 668 865 coactusesset
690 761 816 836 dicere
844 759 1066 858 Pompeius,
1097 784 1136 834 se
1163 760 1213 833 le·

226 879 379 978 gionem
399 878 709 954 abducturum...
730 915 746 944 „

267 1077 307 1090 —
326 1043 444 1120 Quoad
450 1051 631 1123 peteretur,
644 1060 715 1103 eum
727 1041 900 1121 Pompeius
917 1063 929 1099 u
945 1059 1011 1103 esse
1022 1040 1054 1102 in
1070 1038 1182 1101 Gallia
1198 1061 1211 1098 r

228 1153 358 1207 coactus
382 1152 437 1218 est,
467 1141 553 1206 Orel.
584 1141 666 1204 Bait.
695 1160 758 1222 quo
783 1139 990 1220 adpeteretur
1010 1139 1063 1201 M.
1082 1139 1124 1200 E.
1141 1156 1213 1200 cum

226 1243 399 1323 Pompeius
409 1260 476 1303 esse
489 1241 522 1303 in
539 1241 651 1303 Gallia
667 1251 797 1302 coactus
812 1249 859 1301 est
873 1240 924 1301 M.
944 1258 1014 1300 cum
1031 1257 1073 1300 ex
1089 1237 1212 1312 Gallia,

227 1351 357 1404 coactus
371 1351 452 1403 esset
466 1342 505 1402 E.
522 1375 563 1384 -

280 1519 296 1548 α
379 1510 500 1586 quam
523 1509 730 1584 expensam
752 1484 836 1559 tulit
856 1486 898 1558 C.
922 1483 1076 1559 Caesari
1100 1485 1216 1558 Pom·

226 1603 336 1703 peius
359 1631 366 1676 :
387 1604 601 1700 quaesitum
621 1624 707 1674 eum
730 1615 836 1685 esset,
847 1600 976 1698 quoad
984 1609 1215 1697 paterentur

227 1718 439 1793 exercitum
467 1716 631 1813 Pompei
653 1739 730 1790 esse
756 1716 795 1789 in
823 1715 962 1801 Gallia,
992 1729 1145 1790 coactus
1164 1725 1218 1788 est

227 1833 352 1908 dicere
373 1830 584 1932 Pompeius
600 1855 639 1904 se
659 1830 848 1927 legionem
878 1829 1212 1905 abducturum...»

277 1949 387 2024 Vlll.
416 1951 449 2022 5.
477 1970 508 2020 1.
534 1981 550 2008 a
568 1948 674 2020 Nam
704 1945 734 2019 si
762 1947 835 2021 hoc
864 1943 1059 2020 moderari
1086 1969 1216 2044 posse·

228 2088 330 2150 mus,
351 2079 404 2146 ut,
427 2088 497 2162 pro
524 2061 675 2137 viribus
703 2061 907 2160 copiarum
933 2077 1107 2148 tuarum,
1126 2060 1215 2136 belli

227 2203 385 2280 quoque
404 2177 574 2252 existeret
600 2177 837 2273 magnitudo,
859 2194 907 2264 et,
928 2195 1118 2276 quantum
1137 2176 1216 2273 glo·

229 2295 306 2370 riae
330 2293 608 2392 triumphoque
636 2318 734 2390 opus
759 2308 868 2380 esset,
903 2315 1211 2392 assequeremur,

228 2408 564 2510 periculosamque
584 2423 617 2481 et
628 2431 783 2503 gravem
796 2407 902 2482 illam
922 2406 1214 2483 dimicationem

228 2525 475 2608 evitaremus;
486 2522 582 2596 nihil
597 2538 676 2597 tam
696 2538 790 2597 esset
804 2523 1169 2623 optandumNunc.
1179 2579 1186 2594 .
1196 2560 1211 2590 2

268 2726 310 2736 -
323 2691 402 2752 Hoc
426 2708 515 2751 more
541 2688 709 2750 moderari
730 2689 796 2751 M:
814 2689 873 2750 hoc
895 2689 1063 2750 moderari
1086 2689 1128 2750 E.
1156 2688 1217 2750 hoc

229 2790 323 2852 modo
352 2807 421 2850 rem
449 2787 628 2862 moderari,
662 2788 832 2868 Bengalius
860 2807 866 2846 :
897 2789 1133 2864 Periculosam,
1165 2787 1213 2851 M.

229 2888 501 2971 periculosamque
517 2888 555 2950 E.
572 2923 613 2933 -

283 3070 300 3100 a
318 3038 422 3111 Nam
444 3033 475 3107 si
494 3037 587 3109 hoec
605 3037 718 3109 modo
733 3034 924 3108 moderari
942 3059 1157 3132 possemus,
1174 3049 1217 3108 ut

226 3177 297 3265 pro
332 3149 482 3226 viribus
518 3149 722 3248 copiarum
759 3166 915 3224 tuarum
943 3147 1031 3223 belli
1057 3171 1215 3246 quoque

227 3267 417 3342 exsisteret
456 3264 702 3362 magnitudO,
742 3266 813 3352 ita,
850 3281 1041 3362 quantum
1075 3261 1217 3361 gloriae

225 3383 426 3480 triumpho
441 3393 508 3456 tuo
527 3405 626 3479 opus
651 3396 759 3467 esset,
790 3404 1098 3479 assequeremur,
1119 3377 1216 3477 peri·

226 3497 399 3571 culosam
420 3511 455 3568 et
482 3518 636 3591 gravem
662 3495 766 3568 illam
787 3493 1075 3569 dimicationem
1098 3491 1215 3568 evita·
1241 3529 1243 3532 ·

229 3632 359 3685 remus
383 3637 390 3684 :
413 3609 508 3683 nihil
537 3622 617 3684 tum
637 3624 733 3684 esset
758 3609 988 3709 optandum.
1010 3609 1176 3684 Nunc...
1195 3645 1211 3674 a

280 3726 346 3798 lX.
368 3748 426 3799 22.
456 3750 487 3799 1.
512 3756 528 3784 u
547 3729 648 3799 Amo
672 3723 961 3808 verecundiam,
996 3725 1056 3797 vel
1085 3720 1215 3821 potius

229 3840 441 3915 libertatem
461 3840 659 3939 loquendi.
685 3878 700 3908 n

268 4039 310 4051 -
329 4005 412 4068 Vel:
431 4008 557 4068 Manur.
571 4008 643 4069 alii.
