3356 5040
471 573 507 633 32
812 578 885 628 PRO
907 577 1107 638 CLUENTlO‚

520 782 535 810 a
555 751 689 843 Quum
704 771 888 845 praesens
907 758 986 820 tam
1007 745 1138 819 fuisset
1153 747 1411 820 honoratus...
1433 785 1449 813 „

514 866 583 938 Xl.
617 865 674 938 36.
710 862 815 957 Quid
847 877 913 944 est,
954 887 1034 961 quo
1073 862 1350 961 praescriptum
1383 877 1451 937 aut

465 978 676 1053 formulam
697 976 870 1074 aliquam
891 976 1130 1074 exprimas..
1150 983 1165 1050 l

518 1125 534 1154 a
554 1091 660 1186 Quid
680 1092 901 1187 estquod...
923 1130 938 1158 2>

438 1301 440 1306 ,
514 1209 625 1283 Xlll.
647 1230 710 1301 40.
736 1240 752 1269 a
776 1209 821 1280 ln
841 1231 919 1304 quo
948 1232 1072 1305 quum
1104 1207 1255 1281 doceret
1277 1232 1354 1292 eos,
1384 1207 1452 1305 qui

466 1321 692 1421 partim...»

518 1471 533 1500 a
552 1437 703 1533 Illoque
720 1460 844 1533 quum
864 1436 1014 1510 doceret
1032 1461 1143 1509 eos...
1166 1473 1181 1500 n

513 1555 617 1628 XIV.
658 1556 717 1645 45.
752 1551 815 1626 Sic
850 1551 1202 1650 interpungendum
1241 1551 1408 1627 arbitror
1441 1581 1449 1625 :

466 1701 483 1732 r
503 1668 578 1744 Sed
596 1667 646 1740 ad
664 1666 817 1764 copiam
838 1668 1049 1751 rhetorum,
1073 1666 1112 1739 in
1140 1681 1347 1764 utramque
1366 1690 1453 1765 par-

463 1800 538 1859 tem
559 1800 600 1856 ut
626 1781 800 1856 ornatius
827 1798 861 1855 et
890 1781 1046 1855 uberius
1076 1781 1150 1855 dici
1172 1796 1315 1879 posset,
1348 1807 1452 1856 exer-

464 1899 555 1974 cult.
577 1935 592 1963 a

513 2015 619 2086 XlX.
639 2014 698 2085 62.
723 2041 739 2071 κ
759 2014 807 2086 Et
834 2011 1054 2086 Aristoteles
1084 2015 1290 2086 Isocratem
1319 2012 1449 2111 ipsum

465 2126 668 2203 lacessivit.
690 2165 706 2194 2

517 2277 533 2306 u
553 2246 601 2319 Et
617 2244 864 2318 Aristotelem
874 2245 1060 2319 Isocrates
1075 2243 1202 2341 ipsum
1218 2243 1446 2319 lacessivit„

512 2361 597 2434 XX.
619 2361 678 2434 68.
701 2360 808 2433 Tum
824 2359 937 2432 etiam
955 2358 1236 2433 nonnullorum
1253 2360 1450 2434 voluntate

462 2473 626 2549 vocibus
645 2472 766 2569 magis
786 2473 1013 2549 inserviunt.
1036 2514 1052 2542 „

516 2623 531 2650 a
556 2590 663 2662 Tum
707 2587 819 2661 etiam
855 2588 1031 2663 nonnulli
1067 2590 1222 2663 uterium
1257 2589 1451 2686 voluptati

461 2702 618 2798 vocique
636 2701 758 2798 magis
775 2701 1002 2776 inserviunt.
1023 2741 1040 2771 η

512 2817 657 2896 Toetc.
678 2817 747 2890 Vl.
769 2817 825 2890 30.
847 2850 863 2879 u
883 2816 1142 2893 Partitionum
1157 2833 1287 2894 autem
1302 2835 1337 2894 et
1351 2818 1448 2894 divi-

462 2930 615 3036 sionum
635 2956 753 3028 genus
768 2932 883 3030 quale
902 2947 997 3006 esset
1017 2931 1274 3008 ostendimus,
1296 2970 1311 3000 n

513 3079 530 3110 a
550 3045 808 3122 Partitionum
827 3059 962 3122 ante...
985 3083 1001 3112 n

736 3310 843 3383 PRO
874 3308 1174 3384 CLUENTlO.

462 3621 618 3683 iniuriam
634 3644 646 3680 u
664 3620 751 3703 quod
769 3620 915 3682 Klotzius
929 3639 966 3680 ex
982 3619 1117 3697 Quintil.
1139 3622 1195 3696 lx,
1215 3642 1243 3700 2,
1259 3642 1313 3705 47.
1330 3623 1448 3696 attulit,

459 3731 505 3782 est
530 3721 563 3780 in
590 3720 792 3793 Cluentiano,
819 3720 870 3794 66,
898 3718 952 3780 188
972 3740 979 3780 :
997 3717 1094 3800 quod,
1120 3719 1195 3800 quia
1216 3719 1294 3780 mihi
1316 3738 1383 3781 non
1404 3731 1451 3782 est

460 3817 656 3900 exploratum
679 3817 756 3880 alibi
770 3836 836 3879 esse
858 3814 1125 3891 animadversum,
1143 3817 1266 3880 silentio
1283 3819 1448 3899 praeterire

462 3918 561 3980 nolui.
