3356 5040
793 853 1032 928 ORATOR.
1053 856 1103 948 (1)

507 1067 579 1140 lll.
597 1089 632 1163 9.
654 1095 669 1124 α
748 1065 803 1141 sic
816 1067 1002 1164 perfectae
1016 1063 1255 1165 eloquentiae
1274 1066 1439 1164 speciem

454 1179 588 1254 animo
601 1179 795 1266 videmus,
812 1179 977 1277 effigiem
993 1180 1155 1255 auribus
1170 1181 1439 1279 quaerimus.»

507 1326 524 1355 α
543 1293 722 1393 Effigiem
740 1296 780 1369 in
800 1296 924 1370 verbis
944 1294 1149 1371 cernimus.
1171 1332 1186 1360 n

504 1411 569 1485 lV.
598 1433 656 1504 14.
680 1441 696 1472 a
714 1411 820 1484 Nam
849 1434 918 1485 nec
947 1409 1059 1485 latius
1089 1434 1158 1485 nec
1175 1409 1369 1508 copiosius
1391 1411 1441 1487 de

453 1523 600 1621 magnis
617 1525 809 1623 variisque
827 1525 943 1599 rebus
962 1523 1044 1598 sine
1057 1523 1303 1622 philosophia
1315 1541 1443 1622 potest

452 1638 662 1737 quisquam
681 1637 852 1714 dicere...
875 1674 890 1703 n

503 1785 519 1813 α
538 1754 644 1827 Nam
664 1777 789 1852 neque
802 1754 936 1828 elatius
956 1776 1025 1828 nec
1043 1752 1285 1853 copiosius..
1306 1791 1321 1819 n

501 1869 567 1943 lV.
609 1870 665 1942 16.
706 1900 722 1928 a
742 1866 850 1963 Quid
882 1866 1008 1942 dicam
1042 1867 1089 1941 de
1120 1883 1258 1944 natura
1289 1893 1434 1959 rerum,

448 1981 562 2058 cuius
592 1982 756 2079 cognitio
789 2007 971 2080 magnam
999 1981 1183 2058 orationis
1215 1983 1433 2084 suppeditat

448 2097 615 2198 copiam,
636 2098 684 2174 de
701 2098 792 2184 vita,
813 2098 861 2172 de
880 2097 1027 2186 officiis,
1049 2099 1097 2173 de
1114 2098 1269 2188 virtute,
1285 2100 1333 2176 de
1351 2126 1434 2177 mo-

448 2215 555 2290 ribus
573 2213 655 2289 sine
674 2215 796 2289 multa
814 2239 950 2289 earum
969 2215 1143 2313 ipsarum
1170 2239 1300 2292 rerum
1320 2217 1433 2294 disci-

447 2328 554 2430 plina
572 2345 638 2406 aut
656 2329 732 2405 dici
750 2345 816 2404 aut
838 2329 997 2428 intelligi
1017 2336 1159 2430 posse?
1178 2366 1194 2396 n

498 2476 514 2507 a
533 2445 639 2542 Quid
653 2445 782 2521 dicam
798 2444 847 2520 de
861 2460 999 2520 natura
1014 2471 1159 2534 rerum,
1175 2445 1287 2521 cuius
1305 2447 1431 2545 cogni-

444 2561 496 2638 tio
532 2585 722 2659 magnam.
750 2559 938 2636 orationis
982 2560 1198 2660 suppeditat
1240 2561 1434 2662 copiam?

442 2677 620 2774 Denique
653 2674 701 2749 de
727 2673 882 2762 officiis,
908 2674 956 2750 de
982 2675 1137 2766 virtute,
1167 2676 1214 2751 de
1240 2678 1432 2768 moribus

445 2791 528 2866 sine
547 2792 669 2865 multa
687 2814 822 2864 earum
850 2791 1024 2890 ipsarum
1053 2816 1184 2867 rerum
1201 2791 1428 2892 {disciplina

444 2906 540 3006 quid
555 2905 645 2995 diei,
664 2905 758 3004 quid
774 2905 928 3003 intelligi
942 2906 1091 3006 possit?

493 3024 541 3098 V.
563 3047 622 3100 20.
649 3054 665 3085 a
681 3023 936 3099 Vehementes
952 3021 1063 3111 varii,
1084 3021 1230 3121 copiosi
1248 3046 1394 3120 graves.
1411 3062 1428 3094 n

496 3167 512 3198 κ
595 3135 743 3234 copiosi
759 3160 909 3212 suaves.
931 3172 947 3202 n

491 3253 539 3327 V.
562 3276 619 3327 20.
647 3281 664 3312 a
682 3249 800 3346 Quod
827 3250 958 3350 ipsum
976 3251 1053 3326 alii.
1075 3288 1091 3318 n
1121 3284 1138 3316 a
1157 3252 1275 3348 Quod
1301 3253 1428 3352 ficoe-

446 3377 539 3441 runt
556 3364 633 3440 alii.
656 3401 672 3431 n

492 3482 561 3556 Vl.
584 3505 642 3556 20.
667 3510 683 3551 «
767 3480 831 3555 alii
848 3481 888 3555 in
906 3482 1042 3558 eadem
1057 3482 1254 3558 ieiunitate
1270 3484 1425 3560 concin-

447 3593 587 3682 niores,
609 3593 661 3693 [id
680 3605 747 3682 est,
768 3593 905 3695 faceti}
926 3633 942 3662 2

494 3710 785 3784 V1.-21.«Aut
817 3708 924 3785 addit
954 3710 1106 3810 aliquos
1141 3726 1184 3786 ut
1214 3711 1253 3786 in
1283 3735 1428 3787 corona

445 3837 558 3899 iOiOS.
574 3861 590 3892 n

478 4065 513 4128 (ι)
531 4065 646 4132 Recogn.
662 4065 748 4115 Klotz.
766 4063 837 4120 1863.
851 4064 901 4120 Ed.
913 4064 1048 4118 Teubner.
