3356 5040
664 538 733 588 nra.
761 535 783 586 ι.
1202 527 1219 588 3

184 703 187 708 ’
227 709 334 790 potior
348 706 445 769 altera
461 708 527 767 visa
541 717 586 768 est
601 705 791 775 emendatio,
809 707 992 786 praesertim
1006 725 1080 768 cum
1101 707 1217 769 habeas

228 812 285 870 Ac.
303 807 328 868 Ι.
348 807 385 868 32
403 827 411 866 ε
429 803 689 884 adprobandum
705 813 735 865 et
750 803 795 865 ad
808 803 1065 867 concludendum
1082 804 1117 866 id
1132 804 1219 886 quod

228 904 438 984 explanari
452 903 611 965 volebant.

267 1003 356 1067 Tum
370 1001 495 1065 dicendi
506 1013 616 1077 artem,
634 1003 709 1064 item
724 1001 907 1076 disserendi,
918 1003 993 1063 satis
1004 1013 1127 1065 constat
1139 1003 1215 1079 vim,

226 1101 362 1189 δύναμιν,
379 1102 592 1182 virtutemque
606 1102 738 1164 vocitari
756 1124 763 1163 :
781 1103 849 1164 istis
870 1112 977 1163 autem
994 1102 1026 1163 h.
1044 1101 1065 1163 l.
1083 1120 1215 1184 respon·

226 1200 328 1274 detur,
346 1201 402 1281 qui
412 1218 522 1261 earum
537 1218 642 1261 rerum
657 1218 723 1261 esse
738 1211 852 1281 negent
866 1199 966 1261 ullam
978 1211 1088 1262 artem.

268 1299 412 1379 Denique
426 1297 466 1359 de
479 1296 681 1378 suscipiendo
693 1297 806 1371 Varro,
820 1317 886 1360 non
897 1297 936 1359 de
947 1310 1093 1380 suscepto
1108 1298 1215 1362 labore

225 1397 380 1480 loquitur.

276 1581 293 1610 e
307 1548 418 1625 Nihil
436 1547 640 1635 definiunt,
653 1547 750 1622 nihil
765 1547 999 1647 partiuntur,
1015 1549 1112 1624 nihil
1126 1565 1216 1651 apta

227 1665 547 1764 interpretatione
563 1664 845 1739 concludunt...
867 1664 1053 1762 quoniam
1074 1679 1216 1742 utram-

229 1803 306 1878 que
335 1803 417 1854 rem
449 1803 582 1855 uerum
613 1791 734 1854 artem
765 1803 848 1854 esse
879 1779 997 1855 nostri
1032 1795 1211 1880 putant...

227 1917 412 1994 cogemur
424 1894 527 1970 uti...
545 1932 563 1964 s

280 2013 331 2086 ll.
353 2013 388 2086 8.
413 2042 429 2072 κ
454 2012 501 2084 Et
518 2026 648 2084 tamen
668 2009 708 2084 in
737 2009 813 2083 illis
840 2010 1036 2086 veteribus
1060 2013 1212 2098 nostris,

227 2151 372 2226 quae...
386 2124 559 2224 quadam
574 2123 765 2199 hilaritate
778 2127 1081 2224 conspersimus‚
1095 2130 1218 2203 multa

229 2241 399 2315 admixta
425 2265 470 2314 ex
500 2238 637 2313 intima
666 2238 927 2338 philosophia,
963 2243 1084 2317 multa
1115 2242 1216 2319 dicta

229 2353 443 2442 dialectice;
464 2377 564 2452 quae
582 2378 662 2452 quo
680 2352 831 2428 facilius
849 2353 978 2429 minus
987 2355 1090 2432 docti
1108 2357 1216 2433 intel·

230 2468 397 2568 ligarent,
409 2467 645 2544 iucunditate
659 2467 829 2567 quadam
842 2469 890 2544 ad
902 2470 1104 2567 legendum
1119 2472 1216 2548 invi-

227 2588 340 2665 tati...
356 2616 365 2675 ;
383 2587 422 2662 in
438 2585 739 2674 laudationibus,
760 2585 799 2660 in
816 2586 878 2661 his
896 2587 990 2687 ipsis
1015 2589 1218 2690 antiquita-

227 2721 311 2780 tum
326 2700 536 2803 prooemiis
540 2701 784 2799 philosophie
795 2701 962 2778 scribere
973 2704 1185 2781 voluimus.
1198 2746 1215 2775 2

268 2904 311 2918 -
328 2868 414 2931 Adn.
440 2869 507 2930 crit.
533 2866 629 2945 Quod
651 2866 744 2930 codd.
767 2869 884 2931 habent
906 2881 1010 2951 aperte
1031 2883 1217 2952 corruptum

220 2968 437 3052 philosophie,
455 2969 613 3048 integrum
628 2968 802 3050 relinquere
817 2968 916 3030 malui
931 2988 1028 3051 quam
1044 2981 1098 3032 aut
1106 2969 1216 3051 philo·

226 3068 356 3150 sophica
366 3079 421 3130 aut
425 3064 628 3148 philosophe,
647 3079 681 3129 ut
698 3066 809 3129 Halm.
825 3079 855 3129 et
878 3068 962 3130 Bait.
979 3068 1124 3143 scribere,
1147 3079 1216 3144 aut,

228 3165 316 3250 quod
338 3166 437 3229 suasit
461 3162 604 3247 Seyffert.
630 3163 763 3227 Tuscul.
792 3184 824 3245 p.
846 3166 913 3237 118,
933 3165 1137 3248 philologis‚·
1161 3185 1218 3228 nec

228 3269 292 3330 iam
307 3265 408 3348 placet
422 3264 596 3339 rhetorice,
612 3262 700 3346 quod
722 3263 799 3326 olim
824 3265 902 3326 mihi
923 3265 956 3326 in
973 3278 1110 3328 mentem
1126 3286 1219 3329 vene·

229 3380 288 3431 rat.
306 3403 346 3414 -
363 3368 439 3430 Non
460 3376 601 3446 apparet,
626 3383 689 3446 qua
704 3363 743 3425 de
757 3384 852 3426 causa
876 3365 977 3429 Varro
998 3367 1032 3426 in
1040 3366 1222 3446 prooemiis

230 3466 472 3548 antiquitatum,
490 3483 592 3546 neque
606 3466 640 3526 in
656 3463 745 3525 libris
759 3465 836 3544 ipsis
851 3463 890 3526 de
905 3464 1107 3546 philosophia
1122 3465 1222 3527 disse-

231 3566 345 3639 ruerit;
361 3564 591 3646 antiquitatum
605 3561 817 3644 quadraginta
832 3581 934 3626 unum
948 3563 1047 3624 libros
1068 3565 1192 3644 scripsit
1210 3585 1217 3627 :

232 3669 344 3730 horum
362 3685 623 3748 unumquemque
645 3685 723 3728 num
736 3666 930 3746 praefatione
944 3665 1111 3730 adornavit
1122 3671 1135 3730 l
1147 3668 1220 3732 Veri

231 3765 333 3828 simile
354 3786 419 3829 non
447 3779 511 3841 est;
534 3785 570 3828 ac
591 3778 697 3828 tamen
715 3763 946 3846 «philosophia
966 3766 1100 3828 multis
1121 3767 1162 3828 ab
1183 3785 1220 3828 eo

233 3865 312 3927 locis
333 3865 483 3927 inchoata
499 3883 575 3940 esse,
596 3887 609 3923 a
628 3868 647 3941 5
669 3884 688 3947 9
704 3862 830 3924 dicitur.
849 3864 965 3925 Nonne
979 3864 1078 3946 liquet
1093 3883 1220 3928 omnem

232 3962 306 4026 inde
334 3960 552 4027 difficultatem
581 3980 737 4036 manasse,
768 3959 856 4041 quod
876 3963 1048 4041 prooemia
1079 3962 1132 4025 illa
1164 3982 1224 4044 pro
