3356 5040
503 557 551 608 io
573 553 750 617 oumruu
775 552 962 606 emmau.
1191 563 1233 629 47

237 720 426 808 maxima,
458 734 542 795 tum
575 720 722 796 maiore
757 719 871 796 etiam
905 718 1063 810 animo;
1102 721 1230 822 [spero

240 835 460 938 superiores
477 837 559 911 iore
578 861 670 926 nos;
687 835 844 911 confido
858 835 1016 934 animol,
1038 850 1081 911 ut
1100 835 1139 912 in
1158 836 1231 913 hac

240 952 440 1054 republica
467 975 515 1026 ne
543 975 679 1027 casum
703 951 862 1052 quidem
882 951 1010 1026 ullum
1029 949 1228 1051 pertimes-

242 1092 343 1145 cam.
372 1105 389 1135 n

280 1269 322 1279 -
338 1234 432 1297 Boot.
450 1252 482 1315 p.
502 1233 535 1294 31
557 1249 565 1290 ε
586 1229 746 1312 Equidem
767 1250 840 1292 cum
861 1249 915 1312 spe
938 1250 1065 1294 summa
1085 1231 1232 1294 maximo

239 1343 307 1396 tum
328 1333 454 1394 maiore
474 1315 571 1394 etiam
594 1331 706 1392 anima
728 1341 858 1411 sperent
876 1333 1060 1412 superiores
1076 1332 1155 1413 fore
1175 1351 1234 1396 nos

239 1432 410 1513 confidunt
422 1417 533 1493 animo
554 1439 589 1491 ut
610 1430 643 1491 in
663 1428 726 1490 hac
743 1429 910 1510 republica
927 1449 967 1492 ne
980 1450 1090 1493 casum
1103 1431 1232 1514 quidem

239 1533 345 1594 ullum
363 1529 606 1613 pertimescant.
624 1528 729 1592 Verba
755 1529 788 1590 in
810 1527 881 1591 cod.
907 1528 995 1592 Med.
1019 1531 1064 1592 sic
1082 1529 1233 1593 mendose

239 1627 395 1709 descripta
424 1627 477 1689 alii
505 1626 597 1689 aliter
625 1624 791 1689 emendare
816 1629 922 1690 conati
951 1639 1064 1692 sunt...
1093 1630 1163 1710 Ego
1188 1630 1231 1692 ita

237 1729 374 1800 restitui.

284 1847 297 1882 u
317 1823 475 1907 Equidem
487 1843 588 1906 quum
601 1843 655 1906 spe
665 1843 736 1887 sum
753 1825 987 1899 maximarum
1003 1827 1122 1888 maiore
1136 1827 1231 1890 etiam

235 1925 365 1999 animo;
382 1934 419 1986 ut
427 1942 551 2005 sperem
567 1926 743 2006 superiores
754 1924 821 1986 fore
833 1944 903 2002 nos,
917 1925 1079 2006 confidam
1092 1936 1229 2002 tantum,

237 2036 276 2087 ut
290 2026 325 2086 in
339 2024 399 2086 hac
414 2043 446 2085 re
461 2043 500 2085 ne
515 2042 623 2086 casum
640 2023 771 2107 quidem
790 2023 893 2086 ullum
908 2025 1140 2106 pertimescam.
1160 2047 1174 2086 u
1190 2058 1232 2071 -

293 2206 309 2236 κ
332 2171 528 2269 Equidem
548 2197 672 2271 quum
689 2197 756 2271 spe
770 2196 860 2246 sum
880 2172 961 2246 iam
981 2195 1127 2270 magna
1141 2193 1226 2270 ego,

238 2302 324 2362 turn
344 2283 493 2360 maiore
519 2285 635 2360 etiarn
663 2286 798 2370 amici,
820 2296 863 2358 ut
883 2295 1100 2360 asseverent
1115 2308 1228 2384 supe·

240 2399 359 2475 riores
383 2399 466 2474 iore
491 2423 583 2487 nos;
614 2400 811 2494 confidunt
833 2401 940 2474 enim
966 2423 1011 2474 eo
1036 2409 1078 2473 ut
1099 2400 1139 2474 in
1158 2400 1231 2475 hac

239 2541 282 2590 re
315 2540 365 2591 ne
388 2514 591 2614 publicum
618 2539 752 2590 casum
780 2513 938 2615 quidem
968 2516 1095 2589 ullum
1117 2513 1229 2614 perti-

241 2645 426 2708 mescant.
459 2669 475 2698 „

291 2749 347 2822 lb.
369 2749 402 2822 3.
426 2749 461 2822 8.
486 2776 502 2806 κ
525 2745 615 2821 Sive
632 2745 738 2821 enim
759 2744 1014 2828 restituimur,
1041 2743 1122 2820 sive
1139 2743 1224 2819 des·

239 2885 437 2961 peramur,
459 2860 557 2936 nihil
579 2860 749 2960 amplius
766 2884 865 2958 opus
883 2876 950 2934 est.
976 2896 993 2927 n

293 2977 406 3052 «Sive
420 2977 523 3051 enim
540 2976 789 3062 restituimur,
801 2975 882 3051 sive
891 2976 1224 3074 despoliamur...n

292 3095 350 3169 lb.
372 3093 405 3168 3.
427 3114 463 3186 7.
489 3127 505 3156 a
523 3094 705 3187 Quorum
721 3115 788 3189 ego
805 3090 990 3177 consiliis,
1007 3089 1226 3192 promissis,

238 3207 451 3309 praeceptis
479 3206 680 3282 destitutus
706 3206 745 3283 in
771 3206 874 3282 hanc
892 3206 1151 3282 calamitatem
1171 3205 1229 3280 in·

238 3323 327 3399 cidi.
351 3359 366 3389 n

280 3521 323 3533 -
348 3487 442 3549 Boot.
470 3507 502 3568 p.
531 3488 563 3549 31
597 3507 605 3548 :
632 3505 770 3568 quorum
797 3506 856 3570 ego
885 3487 1039 3559 consiliis,
1058 3487 1232 3569 promissis

239 3584 398 3666 deceptus,
425 3585 597 3647 destitutus
617 3585 651 3646 in
678 3585 762 3647 hanc
779 3606 807 3648 c.
832 3588 855 3650 i.
871 3610 888 3644 »
910 3621 951 3632 -
965 3591 1008 3649 At
1024 3585 1097 3660 iliis,
1114 3585 1230 3647 scilicet

242 3681 416 3746 Hortensio
437 3694 467 3745 et
489 3683 584 3745 Arrio
609 3685 754 3762 graviora
777 3685 902 3746 crimini
923 3682 978 3747 dat
1004 3703 1011 3742 :
1036 3684 1076 3746 cf.
1107 3702 1228 3765 supra:

240 3781 300 3844 Me
321 3782 622 3844 sceleratissime
651 3782 956 3865 insidiosissimeque
979 3783 1134 3845 tractavit
1150 3803 1177 3858 u,
1190 3780 1230 3844 de

239 3878 414 3961 eodemque
431 3881 604 3943 Hortensio
619 3879 660 3941 ad
676 3884 772 3945 Attic.
794 3883 855 3945 111.
874 3902 904 3962 9.
928 3903 956 3946 2.
977 3905 990 3940 u
1012 3883 1163 3958 Obsecro,
1183 3879 1231 3942 mi

239 3976 409 4057 Pomponi,
438 3976 580 4038 nondum
599 3979 759 4057 perspicis
783 3998 922 4062 quorum
951 3999 1061 4061 opera,
1090 3998 1227 4062 quorum

242 4077 384 4153 insidiis,
398 4095 536 4159 quorum
557 4077 703 4139 scelere
715 4079 924 4160 perierimus.
945 4101 959 4139 n
