3356 5040
507 513 544 554 22
835 501 882 552 DE
905 501 1156 552 DIVINATIONE.

506 669 613 752 ignais
638 668 875 730 immortalibus
900 666 1007 734 codd..
1034 667 1181 729 dicamus
1205 667 1342 748 indigna
1361 666 1495 728 naturis

507 769 647 832 immort.
666 765 789 841 Madv„
808 767 904 841 Bait.‚
923 766 1069 830 Schoem.
1086 799 1127 811 -

560 949 576 978 a
595 915 789 989 Dicuntur
806 913 937 1010 qualia
951 913 1073 1012 digna
1091 915 1241 988 naturis
1260 914 1336 987 sint
1352 925 1495 987 morta-

503 1031 613 1106 libus.
630 1064 646 1096 ν

759 1261 811 1316 DE
839 1261 1127 1318 DIVINATIONE.
1154 1262 1194 1317 L.
1214 1263 1240 1317 1.

559 1450 632 1524 ΙΙΙ.
666 1453 698 1526 5.
743 1449 1052 1547 «Colophonius
1080 1449 1340 1547 Xenophanes
1372 1473 1490 1534 unus,

507 1564 575 1664 qui
602 1565 692 1640 deos
719 1589 800 1640 esse
825 1564 977 1652 diceret,
1009 1563 1289 1640 divinationem
1316 1563 1494 1640 funditus

507 1679 659 1755 sustulit
673 1711 681 1768 ;
701 1716 717 1744 υ

550 1842 732 1923 Madvigius
747 1845 780 1904 in
795 1844 1001 1924 grammatica
1016 1862 1073 1905 sua
1096 1840 1207 1915 lanne,
1230 1840 1306 1904 edit.
1324 1843 1367 1917 3·,
1383 1846 1402 1920 ἓ
1419 1842 1489 1924 364,

467 1933 469 1938 ’
507 1946 549 2004 A.
568 1962 597 2003 2.
615 1942 738 2023 scrIpsit
755 1943 1004 2013 «Xenocratem,
1021 1938 1249 2022 »quiquidem
1272 1959 1336 2002 non
1350 1952 1397 2003 est
1411 1943 1495 2003 inter

508 2060 521 2097 n
537 2040 816 2121 antiquissimos.»
841 2040 893 2103 cf.
910 2040 1008 2103 Acad.
1029 2040 1075 2113 11,
1094 2040 1143 2123 37,
1166 2042 1233 2102 105.

559 2218 574 2247 κ
594 2187 863 2288 Colophonius
880 2189 1139 2287 Xenophanes
1156 2212 1273 2275 unus
1287 2212 1407 2262 unum
1422 2185 1492 2285 qui

506 2302 621 2376 deum
640 2329 720 2378 esse
733 2303 918 2380 diceret...
939 2341 955 2368 n

557 2420 605 2494 V.
639 2422 674 2495 8.
712 2419 910 2517 «Perlegi,
943 2419 1035 2519 [ille]
1067 2419 1205 2518 inquit,
1234 2435 1346 2494 tuum
1374 2419 1493 2518 paulo

510 2549 596 2608 ante
614 2527 769 2610 tertium
788 2535 835 2610 de
853 2551 991 2610 natura
1009 2534 1186 2610 deornm.
1208 2574 1224 2604 2

550 2698 635 2761 Adn.
649 2701 718 2762 crit.
736 2701 856 2762 —Ille
877 2700 984 2782 inquit
1004 2700 1099 2764 codd.
1124 2707 1153 2764 A
1168 2703 1198 2765 V
1215 2703 1253 2781 B,
1271 2703 1375 2784 inquit
1391 2703 1436 2764 H.
1454 2738 1496 2748 -

559 2840 741 2937 «Perlegi
781 2841 937 2928 librum,
965 2839 1102 2938 inquit,
1132 2855 1242 2916 tuum
1265 2842 1383 2939 paulo
1407 2856 1494 2915 ante

510 2969 709 3029 ternum...
731 2993 746 3023 η

905 3185 958 3240 DE
986 3184 1103 3241 FATO.

560 3361 633 3435 III.
656 3363 687 3436 5.
712 3360 853 3456 «Quid
880 3378 1009 3438 autem
1035 3387 1220 3460 magnum
1247 3379 1313 3439 aut
1340 3363 1493 3440 naufra-

389 3509 391 3515 ’
509 3499 600 3573 gum
621 3473 734 3550 illum
749 3474 832 3550 sine
850 3476 1009 3552 nomine
1028 3476 1068 3551 in
1088 3477 1171 3553 rivo
1187 3503 1268 3553 esse
1287 3479 1458 3578 lapsum?
1475 3516 1490 3546 n

549 3641 636 3740 Adn.
653 3645 722 3708 crit.
741 3679 780 3690 -
794 3647 872 3722 [out]
889 3645 1023 3721 Christ..
1048 3647 1144 3720 Bait.‚
1168 3646 1211 3710 al.
1235 3656 1291 3722 est,
1315 3645 1357 3708 al.
1381 3657 1428 3722 et;
1452 3647 1493 3710 V.

512 3741 617 3806 Fleck.
634 3762 711 3805 ann.
731 3743 820 3826 1864,
836 3763 869 3825 p.
886 3746 958 3807 612.
976 3780 1016 3790 -

562 3923 578 3954 κ
601 3889 707 3986 Quid
732 3906 861 3966 autem
899 3895 1026 3991 magis
1050 3894 1154 3968 valet
1190 3892 1419 3990 naufragum
1450 3890 1494 3966 il-

505 4005 636 4081 lum...
656 4039 671 4071 n
