3356 5040
508 536 546 579 20
796 526 842 576 DE
866 525 1016 576 NATURA
1039 525 1207 575 DEORUM.

502 695 648 757 randum.
675 693 748 766 Sed,
773 706 807 756 ut
829 693 868 754 ad
885 694 1084 774 propositum
1105 692 1210 756 redeat
1233 695 1345 766 oratio,
1367 695 1496 757 vallum

502 796 595 856 illum
611 795 759 875 pilorum
782 793 859 874 quid
875 792 1014 863 tandem,
1032 793 1253 855 coniventibus
1269 794 1384 868 oculis,
1401 813 1498 874 agere

499 897 682 955 censemusl
697 894 829 954 Prorsus
845 893 935 964 nihil,
948 893 1132 972 inutilisque
1148 890 1197 954 fit.
1208 892 1304 969 Quod
1317 912 1390 954 cum
1403 912 1496 954 surn-

502 1013 573 1054 mus
595 1003 701 1053 orator
723 1004 788 1052 tam
811 991 894 1052 nude
913 990 1013 1052 dicere
1033 991 1144 1064 nollet,
1170 996 1253 1069 (nam
1280 992 1497 1055 contendebat

505 1114 517 1150 i
534 1102 654 1152 natura
666 1091 750 1151 nihil
764 1108 830 1151 esse
844 1091 998 1152 callidius
1014 1113 1026 1147 i
1041 1095 1059 1168 g
1076 1093 1153 1172 1422)
1171 1091 1299 1152 Isocrati
1317 1093 1496 1179 μυροθήκιον

501 1189 580 1252 illud
609 1188 773 1256 adhibens,
797 1207 869 1248 cum
900 1189 1115 1249 membrorum
1144 1191 1388 1251 concinnitatem
1415 1193 1493 1253 reti-

503 1291 661 1360 nuit,tum
678 1287 782 1348 colore
793 1286 933 1368 quodam
950 1290 1073 1368 poetico
1091 1290 1278 1350 sententiam
1295 1289 1463 1352 illustravit
1483 1311 1493 1352 τ

501 1388 625 1450 videtur
636 1389 719 1448 enim
733 1405 787 1466 per
801 1386 1041 1448 similitudinem
1057 1399 1136 1449 tecte
1148 1385 1339 1466 significasse
1351 1391 1493 1469 quietem

503 1488 674 1566 illamqua
701 1484 790 1544 miles
818 1485 984 1546 Romanus
1010 1486 1041 1545 in
1067 1486 1177 1546 castris
1204 1485 1376 1547 fruebatur.
1403 1488 1494 1549 Sicut

502 1597 607 1648 autem
630 1604 695 1645 uno
718 1585 889 1663 scripturae
905 1582 1020 1645 mendo
1037 1584 1127 1664 plura
1148 1584 1242 1644 verba
1271 1584 1357 1646 velut
1381 1597 1493 1647 conta-

501 1688 594 1764 gione
608 1682 693 1746 infici
715 1682 882 1756 debebant,
901 1684 944 1744 sic
959 1685 984 1743 si
1008 1684 1227 1764 scripserimus
1251 1702 1307 1762 pro
1329 1684 1492 1745 cernendo

501 1784 690 1858 arcendum,
715 1782 834 1862 reliqua
851 1783 913 1842 iam
931 1784 962 1840 in
979 1780 1108 1861 proclivi
1124 1793 1229 1842 erunt.

554 1969 569 1998 a
679 1948 712 2005 et
744 1955 884 2004 somno
913 1931 1127 2003 coniventes
1160 1929 1232 2013 illi,
1269 1953 1359 2003 cum
1391 1930 1491 2004 ciliis

500 2050 548 2124 ad
573 2047 783 2123 arcendum
817 2069 895 2118 non
927 2056 1091 2142 egerent,
1127 2043 1259 2140 utique
1284 2059 1487 2142 tamquam

499 2151 685 2240 obvalloti
703 2165 750 2256 (ι)
769 2160 1020 2259 quiescerent.
1042 2197 1058 2225 η

550 2281 672 2355 LVII.
698 2301 781 2373 144.
803 2310 819 2339 a
840 2277 1078 2350 Flexuosum
1094 2274 1162 2347 iter
1179 2274 1306 2358 habet,
1324 2272 1482 2371 nequid

500 2396 640 2470 intrare
659 2393 791 2493 possit,
813 2391 843 2465 si
865 2390 1028 2487 simplex
1046 2405 1081 2463 et
1095 2388 1284 2463 directum
1301 2403 1480 2486 pateret„

550 2543 566 2572 a
584 2513 646 2586 Ne
664 2508 759 2608 quid
779 2507 919 2580 intrare
937 2503 1070 2601 possit,
1093 2514 1220 2600 utpote
1239 2502 1316 2576 si...
1343 2542 1358 2570 „

547 2628 692 2702 LXIII.
728 2626 806 2718 157.
837 2619 944 2715 Quid
972 2619 1018 2693 de
1046 2619 1174 2692 bubus
1202 2619 1368 2715 loquar?
1389 2643 1485 2715 quo·

498 2767 586 2816 rum
606 2741 688 2839 ipsa
705 2756 807 2834 terga
838 2736 1033 2809 declarant
1062 2758 1138 2806 non
1162 2758 1242 2806 esse
1263 2759 1302 2807 se
1321 2733 1370 2808 ad
1384 2758 1484 2807 onus

499 2853 768 2954 accipiendum
796 2852 980 2949 figurata;
1009 2847 1175 2923 cervices
1205 2863 1333 2922 autem
1372 2863 1483 2923 natae

498 2972 547 3048 ad
567 2973 713 3069 iugum,
733 2986 816 3044 tum
835 2966 936 3040 vires
955 2989 1180 3039 umerorum
1202 2981 1236 3038 et
1262 2964 1481 3039 latitudines

498 3089 547 3164 ad
566 3103 691 3164 aratra
712 3085 784 3184 [ex]
811 3081 1008 3158 trahenda.

537 3251 621 3314 Adn.
632 3251 751 3312 crit-
765 3245 909 3309 Extrah.
925 3245 1021 3314 Bait..
1036 3243 1123 3306 trab.
1139 3244 1284 3307 Schoem.
1301 3278 1341 3288 -
1357 3243 1479 3319 Quam-

495 3370 591 3432 quam
608 3368 709 3410 sermo
728 3348 860 3409 Latinus
872 3344 912 3404 ab
927 3343 994 3404 eius
1007 3342 1093 3403 modi
1109 3341 1301 3425 syllabarum
1316 3343 1479 3404 iteratione

494 3449 596 3530 qualis
617 3459 663 3510 est
679 3465 773 3526 supra
795 3463 861 3506 esse
880 3461 924 3514 se,
946 3460 1011 3504 non
1034 3441 1182 3502 abhorret
1204 3444 1253 3519 (2),
1270 3440 1479 3503 nihilominus

494 3556 611 3608 aratra
627 3556 679 3607 tra
694 3563 842 3626 asperum
858 3539 992 3602 videtur.

525 3750 559 3815 (ι)
571 3748 651 3817 Apud
664 3749 757 3815 Hagen
770 3747 843 3798 deest
855 3762 872 3796 n
884 3743 956 3805 =b,·
968 3743 1013 3793 dat
1031 3757 1094 3792 vero
1107 3759 1124 3792 n
1138 3760 1198 3810 =p
1217 3765 1225 3794 .·
1242 3743 1304 3793 inde
1321 3745 1408 3812 colligi
1421 3746 1479 3795 licet

492 3836 518 3884 in
539 3831 681 3899 archetypo
702 3829 784 3882 fuisse
801 3850 807 3879 ε
829 3827 955 3896 opvalati.
974 3853 1002 3866 -
1023 3825 1089 3878 Cod.
1111 3825 1141 3878 C.
1161 3825 1247 3891 (Leid.
1261 3825 1301 3876 118
1329 3841 1397 3880 saec.
1416 3827 1478 3880 XII.

492 3919 608 3984 optimae
620 3917 707 3974 notael
718 3919 805 3980 utque.

524 4000 559 4064 (a)
576 3997 616 4053 Cf.
631 3997 782 4060 QuIcherat,
800 3993 889 4046 Traiti¹
910 3994 943 4043 de
961 3988 1137 4042 verstfication
1149 3990 1237 4059 lanne,
1258 3999 1301 4042 20⁰
1320 3989 1383 4041 edit.
1406 3990 1477 4056 1868,

490 4094 518 4146 p.
532 4080 590 4147 391.
