3356 5040
472 740 580 815 pao
610 737 833 814 FLACCO.
855 742 904 832 (1)

240 955 314 1029 111.
328 956 363 1029 6.
390 983 404 1012 ⁶⁶
419 955 531 1028 Muta
545 969 598 1027 est
613 953 729 1027 huius
743 951 929 1052 temporis
942 950 1171 1052 accusatio?

241 1101 258 1132 a
276 1069 402 1144 Nulla
421 1087 522 1145 est...
543 1108 559 1138 2

236 1187 350 1260 Xlll.
389 1188 448 1261 31.
485 1188 642 1260 «Casus
673 1199 729 1259 est
759 1183 863 1259 enim
895 1182 936 1256 in
966 1183 1170 1284 capiendo

184 1299 312 1386 locus,
333 1314 492 1374 eventus
511 1297 710 1398 [occasio];
731 1335 747 1365 „

231 1464 295 1526 His
320 1463 511 1545 respondent
532 1481 586 1544 per
600 1461 796 1542 anaphoram
817 1480 853 1522 ea
875 1480 957 1543 quae
971 1473 1171 1544 sequuntur:

187 1584 201 1620 «
221 1560 370 1622 latibulis
393 1561 594 1622 occultorum
616 1561 773 1636 Iocorum,
801 1569 1020 1640 tempestatum
1042 1580 1174 1623 conver-

181 1660 279 1722 sione
293 1668 324 1718 et
336 1658 570 1722 moderatione.
589 1681 602 1717 i

246 1837 262 1867 a
282 1807 405 1879 Casus
435 1820 490 1878 est
519 1804 624 1879 enim
658 1804 697 1877 in
728 1803 946 1902 capiendo:
975 1829 996 1878 e
1021 1805 1126 1892 locis,
1154 1830 1175 1879 e

189 1922 317 1997 ventis
335 1921 531 1995 occasio...
554 1960 569 1988 „

244 2038 351 2111 XlV.
388 2037 442 2110 33.
480 2067 496 2096 κ
530 2035 722 2134 Equidem
758 2038 806 2130 Q.
842 2035 968 2110 fratris
999 2035 1075 2110 mei
1107 2036 1179 2112 hac

190 2152 310 2226 laude
329 2149 507 2225 delector.
531 2188 546 2216 „

250 2264 837 2362 “anuidemQ.t'ratrismerita
849 2263 961 2339 laude
973 2264 1177 2340 delector.„

245 2383 330 2456 XV.
352 2382 409 2454 36.
435 2415 451 2442 a
471 2383 550 2455 Das
568 2379 671 2453 enim
693 2379 788 2453 mihi
875 2379 961 2454 Nisi
980 2405 1074 2454 vero
1090 2380 1181 2456 hac·

195 2515 308 2573 tenus
327 2495 397 2570 ista
423 2495 593 2569 formula
619 2493 829 2570 testimonii
855 2511 967 2594 atque
994 2495 1182 2571 orationis

191 2630 285 2690 tuae
303 2611 468 2687 describi
488 2635 532 2687 ac
550 2610 728 2708 distingui
749 2625 883 2709 potest,
906 2628 991 2685 ut...
1012 2649 1027 2676 n

251 2760 267 2789 κ
287 2730 433 2814 Das...;
455 2726 528 2800 nisi
548 2752 638 2800 vero
666 2729 737 2801 hoc
762 2737 878 2811 tenes,
899 2727 1012 2801 istam
1019 2730 1180 2824 formu·

197 2845 278 2919 lam
297 2841 503 2916 testimonii
522 2866 565 2916 ac
580 2841 816 2917 laudationis
833 2842 933 2916 ita...
944 2866 1063 2940 posse,
1086 2858 1140 2918 ut.
1162 2880 1179 2911 2»

248 2959 373 3033 XVll.
397 2980 459 3051 40.
485 2992 501 3020 a
520 2957 600 3052 Qui
620 2957 694 3031 hoc
708 2956 834 3031 evenit
849 2971 901 3033 ut.
921 2995 937 3024 η
962 2990 978 3018 α
997 2957 1077 3052 Qui
1094 2959 1187 3044 hoce

199 3071 302 3148 venit
316 3087 405 3146 ut...
427 3108 442 3136 n

249 3188 392 3262 XXIX.
425 3189 482 3282 73.
520 3218 536 3246 a
562 3184 696 3261 Sciunt
728 3187 821 3260 haec
851 3209 988 3259 omnes
1020 3185 1182 3274 nobileS,

198 3302 326 3377 sciunt
350 3301 443 3376 boni
468 3300 554 3385 viri,
587 3301 712 3375 sciunt
733 3299 900 3398 denique
918 3300 1039 3375 nostri
1058 3300 1184 3376 homi·

202 3441 281 3502 nes
303 3415 429 3491 sciunt
448 3414 660 3490 mediocres
680 3415 943 3512 negotiatores.
964 3454 980 3483 2

245 3581 405 3644 Excidisse
430 3593 508 3663 puto
533 3581 598 3644 duo
623 3580 753 3642 urbium
777 3583 919 3656 nomina,
935 3593 991 3644 aut
1013 3583 1088 3662 quia
1103 3601 1188 3644 com·

203 3680 330 3763 pendio,
348 3694 402 3743 aut
419 3683 524 3761 potius
540 3681 666 3762 punctis
682 3679 819 3742 indicata
835 3691 923 3742 erant
938 3679 1000 3756 (Cf.
1018 3681 1186 3754 Wattenb.

204 3779 276 3844 Lat.
295 3780 358 3861 pal.
376 3800 407 3860 p.
423 3781 486 3856 88.)
502 3781 578 3842 Non
593 3791 803 3860 apparerem
829 3778 861 3840 h.
890 3778 912 3840 Ι.
930 3777 1101 3840 medioeres
1117 3791 1188 3842 tan-

236 3977 271 4040 (ι)
288 3976 338 4029 ad.
353 3974 395 4024 Du
409 3973 513 4026 Mesnil.
527 3973 671 4037 (Teubner.
685 3971 842 4038 Schulausg.
862 3972 941 4038 1883).

1095 4058 1110 4120 3
