3356 5040
594 530 642 580 DE
664 529 831 582 OFFICIIS.
1170 520 1207 583 25

216 723 300 774 non
321 698 493 774 nutrix...
521 723 598 773 non
632 723 770 773 scaena
800 700 1029 799 depravat...
1065 698 1207 775 animis

215 837 357 888 omnes
373 813 585 888 tenduntur
603 810 810 888 insidiae...
830 853 847 884 n

272 962 289 991 ι
305 931 374 1004 An
395 954 530 1004 sensus
550 946 702 1003 nostros
729 954 808 1003 non
836 934 1024 1026 parens.?
1050 952 1102 1003 an
1130 951 1207 1002 non

215 1041 265 1116 iis
283 1065 421 1114 omnes
439 1039 650 1115 tenduntur
670 1039 883 1114 insidiae..?

269 1157 376 1231 XIX.
395 1158 454 1231 50.
476 1189 491 1218 α
512 1157 560 1231 Et
575 1172 617 1229 ut
631 1179 831 1228 rumorem
848 1155 998 1228 bonum
1013 1154 1207 1251 colligant,

217 1272 472 1360 erubescunt;
498 1269 617 1369 pudet
635 1269 748 1344 etiam
769 1269 878 1368 loqui
901 1268 949 1343 de
967 1268 1166 1367 pudicitia.
1190 1306 1206 1337 η

273 1415 289 1446 «
373 1386 618 1477 erubescunt,
636 1397 675 1458 ut
687 1384 834 1484 pudeat
854 1409 917 1459 eos
936 1385 1016 1457 iam
1036 1381 1143 1482 loqui
1161 1383 1209 1460 de

213 1498 419 1597 pudicitia.
440 1534 456 1564 κ

267 1617 351 1688 ΧΧ.
374 1616 431 1688 52.
467 1612 612 1708 «Quin
643 1613 802 1687 labebar
837 1611 1004 1709 longius,
1038 1611 1112 1686 nisi
1145 1637 1208 1687 me

214 1726 477 1802 retinuissem.
500 1730 551 1824 Q.
576 1729 667 1822 Quo
691 1725 880 1800 tandem?
906 1726 1068 1801 libenter
1086 1726 1206 1816 enim,

214 1843 347 1928 frater,
368 1843 395 1938 †
414 1840 520 1939 quod
547 1840 659 1915 istam
684 1839 901 1915 orationem
926 1856 1053 1916 tecum
1080 1841 1209 1941 prola-

218 1957 298 2030 ber.
318 1992 335 2023 n

271 2102 287 2131 κ
310 2071 390 2145 Cur
420 2071 609 2146 tandem?
639 2069 804 2144 libenter
834 2069 954 2158 enim,
980 2069 1110 2157 frater,
1134 2093 1209 2168 quo

211 2185 376 2261 destinet
394 2188 520 2262 oratio
538 2199 618 2271 teta,
641 2201 767 2260 tecum
788 2187 983 2284 prolaber.
1004 2221 1020 2252 n

532 2449 585 2504 DE
612 2449 706 2505 LEG.
737 2450 819 2506 LIB.
850 2451 894 2508 11.

267 2631 396 2705 XXII.
428 2632 485 2705 56.
516 2660 531 2689 κ
552 2633 595 2705 C.
625 2628 745 2706 Marii
772 2628 861 2703 sitas
891 2628 1075 2729 reliquias
1103 2630 1209 2729 apud

215 2743 407 2820 Anienem
426 2742 604 2844 dissipari
619 2743 727 2818 iussit
742 2744 852 2820 Sulla
865 2742 1002 2832 victor,
1012 2743 1209 2819 acerbiore

217 2858 310 2933 odio
342 2858 535 2948 incitatus,
564 2884 684 2958 quam
711 2859 745 2934 si
769 2871 851 2934 tam
883 2859 1037 2958 sapiens
1061 2859 1206 2946 luisset,

217 2998 338 3082 quam
359 2973 430 3048 fuit
447 2975 703 3048 vehemens.»

263 3087 347 3152 Adn.
364 3091 433 3153 crit.
451 3126 492 3136 -
509 3091 615 3166 Quam
630 3091 653 3112 *'
667 3089 806 3170 sapiens,
825 3089 951 3164 Halm,
970 3089 1053 3151 Bait.
1071 3124 1112 3135 -

274 3221 290 3250 a
373 3186 570 3264 acerbiore
601 3187 691 3262 odio
723 3186 927 3262 incitatus:
947 3189 1017 3285 qui
1048 3189 1203 3264 utinam

220 3319 300 3380 tam
320 3303 473 3405 sapiens
491 3302 637 3390 fuisset,
658 3327 778 3402 quam
799 3301 868 3378 fuit
881 3303 1103 3378 vehemens.
1125 3341 1142 3372 n

469 3569 524 3625 ne
541 3568 718 3626 ormcns
738 3569 820 3625 Lis.
846 3570 873 3626 1.
895 3552 905 3626 l
913 3552 956 3649 1).

272 3752 338 3826 IV.
366 3772 426 3845 14.
449 3748 680 3847 «Quodque
707 3771 798 3823 vere
824 3746 1007 3836 dicimus,
1033 3746 1147 3822 etiam
1172 3744 1205 3820 si

218 3865 370 3947 anullo
388 3863 580 3950 laudetur,
603 3879 740 3938 natura
759 3886 840 3936 esse
859 3861 1067 3937 laudabile.
1087 3899 1104 3931 2

253 4070 289 4135 (ι)
306 4069 376 4120 Edit.
388 4067 522 4120 Teubner.
536 4083 552 4118 a
565 4067 668 4118 Klotzio
680 4068 812 4134 recognita
827 4064 898 4133 1864.
