3356 5040
444 570 645 621 EPISTOLAE
667 572 714 621 AD
737 573 914 626 ATTICUM.
1135 587 1175 651 49

238 739 288 810 ll.
319 761 349 812 1.
375 761 410 832 9.
448 739 723 813 «Favonius...
758 743 951 816 accusavit
982 743 1172 823 Nasicam

184 850 398 933 inhoneste,
437 876 480 927 ac
516 852 686 928 modeste
721 869 873 942 tamen;
911 856 1004 932 dixit
1046 859 1096 935 ita
1131 877 1172 938 ut

186 963 318 1039 Rhodi
335 964 531 1041 videretur
559 968 671 1040 molis
697 969 840 1068 potius,
870 996 990 1070 quam
1016 976 1170 1052 Moloni

182 1103 342 1177 operam
363 1078 525 1154 dedisse.
547 1117 563 1146 n
1058 1105 1066 1124 ⁶

225 1249 338 1311 Molas
353 1250 428 1311 istas
443 1248 585 1311 ferendas
600 1269 665 1311 non
680 1261 771 1330 put0‚
788 1253 848 1312 nisi
868 1271 940 1314 vero
956 1255 989 1314 in
1001 1257 1171 1336 pistrinum

183 1358 230 1408 est
255 1348 380 1420 missus,
409 1346 495 1428 quod
522 1367 586 1408 non
611 1367 714 1428 spero.
745 1353 798 1410 An
827 1349 957 1412 fortasse
985 1353 1168 1432 molaribus,

183 1462 225 1504 sc.
243 1443 401 1518 dentibus,
419 1463 548 1524 operam
563 1443 684 1506 dedisse
703 1444 828 1520 dicitur,
844 1461 899 1510 aut
915 1459 1066 1530 potasset

236 1633 319 1672 «...
346 1597 514 1673 modeste
543 1615 673 1674 tamen
708 1628 714 1674 :
749 1601 845 1676 dixit
885 1603 936 1679 ita
972 1624 1013 1682 ut
1040 1609 1169 1685 Rhodi

183 1711 378 1788 videretur
397 1713 527 1788 mullis
546 1718 579 1802 (i
596 1715 733 1802 mulso)
752 1717 927 1815 potius...
949 1757 965 1787 2,

234 1829 287 1902 lv
312 1830 347 1901 6.
370 1851 403 1901 2.
429 1827 628 1914 «Seniue,
650 1846 697 1904 ut
724 1831 912 1930 scripsi,
934 1860 1012 1911 non
1034 1838 1162 1927 miser,

185 1965 255 2014 nos
272 1965 364 2016 vero
383 1941 509 2015 ferrei.
529 1979 545 2007 n

225 2155 265 2165 —
281 2118 384 2182 Codd.
390 2119 498 2201 ferri.
522 2123 616 2184 Boot.
634 2161 674 2172 -
686 2127 773 2202 Quid
788 2145 894 2193 autem
910 2140 1169 2220 suprascriptum

182 2221 249 2280 esti
274 2217 415 2297 «Ipsius
439 2219 538 2280 vicem
567 2221 699 2284 minime
726 2225 909 2291 dolemus..
937 2234 1017 2312 quid
1038 2235 1170 2314 foedius

182 2324 294 2377 nostra
314 2316 390 2392 vita,
406 2318 584 2398 praecipue
599 2339 681 2385 mea.
694 2345 707 2380 u
720 2323 807 2386 idem
819 2327 985 2408 significat,
997 2333 1050 2395 sed
1066 2338 1166 2400 ironia

183 2417 296 2477 utitur.

234 2595 249 2623 κ
269 2561 345 2637 Sed
366 2560 476 2635 ille...
501 2587 580 2638 non
597 2565 723 2654 miser,
745 2594 815 2644 nos
833 2598 925 2648 vero
944 2580 1035 2653 viri.
1058 2619 1073 2647 η

234 2678 281 2751 V.
305 2701 366 2751 21.
395 2702 425 2750 1.
451 2708 467 2738 a
488 2679 575 2754 Hoc
601 2705 663 2755 me
686 2698 814 2760 tamen
844 2695 1021 2768 consolor
1051 2726 1058 2770 :
1089 2723 1168 2776 non

182 2815 294 2889 spero
329 2807 363 2864 te
399 2790 481 2866 istic
518 2792 686 2870 iucunde
726 2801 897 2879 hiemare
932 2827 965 2882 et
1007 2811 1168 2890 libenter

187 2905 438 3004 requiescere.
459 2944 475 2974 2,

229 3098 432 3160 -Consolor
443 3118 507 3160 uno
520 3101 763 3168 Madia-Vidit
771 3107 811 3170 V.
821 3107 852 3169 d.
861 3111 970 3174 Tullio
981 3115 1094 3180 solatio
1106 3139 1171 3184 esse

188 3215 253 3257 non
269 3215 360 3276 posse
375 3197 513 3258 amicum
530 3199 610 3262 male
624 3201 779 3279 hiemare3
801 3206 855 3268 sed
871 3220 1010 3291 tempore
1025 3214 1174 3282 infinitivi

187 3295 344 3374 detegitur
361 3315 374 3353 t
388 3313 481 3375 spero
497 3319 510 3354 r
528 3297 716 3362 mendosum
732 3321 797 3364 esse
815 3307 922 3386 :quod
938 3309 1082 3376 effectum
1094 3331 1173 3398 puto

188 3411 224 3452 ex
249 3395 403 3474 scriptura
425 3395 562 3474 capitali,
590 3417 671 3478 quae
693 3398 817 3477 dicitur,
835 3416 871 3466 ut
890 3417 990 3482 PERQ
1001 3431 1059 3491 pro
1076 3425 1172 3480 PERO

188 3491 229 3551 sit
243 3491 403 3566 habitum;
427 3505 457 3554 et
485 3496 630 3574 proximo
641 3503 887 3575 pernecessario
916 3508 1083 3586 respondet
1091 3532 1171 3592 per-

188 3605 298 3667 quam.

243 3777 259 3807 a
281 3751 368 3824 Hoc
388 3777 448 3826 me
462 3769 591 3829 tamen
606 3760 784 3834 consolor
799 3767 970 3854 nomine,
980 3795 1172 3869 perquam

190 3877 225 3934 te
243 3861 326 3936 istic
342 3863 509 3940 iucunde
526 3869 697 3944 hiemare
711 3889 746 3946 et
759 3877 875 3951 libere
893 3883 1168 3980 requiescere.»

242 3978 310 4050 Vl.
339 4002 370 4051 1.
393 4003 425 4052 2.
458 4013 475 4042 ιι
493 3982 611 4076 Quod
641 4009 767 4061 meam
799 3998 952 4085 βαθύτητα
983 3996 1023 4072 in
1047 4001 1176 4101 Appio

1076 4139 1097 4200 4
