3356 5040
464 505 506 584 4⁸
726 515 774 564 nn
797 512 974 574 Qutntuu
997 512 1184 563 amanen.

515 713 533 744 a
554 682 736 775 Quorum
754 703 823 776 ego
836 678 1020 764 consiliis,
1036 677 1252 776 promissis,
1266 679 1449 776 peccatis,

460 795 507 873 de
523 806 625 870 statu
643 805 724 868 tuto
742 795 783 867 in
802 795 904 868 hanc
922 793 1182 868 calamitatem
1201 793 1337 868 incidi.
1360 831 1378 861 2

612 1074 918 1148 EPISTOLAE
939 1074 1011 1147 AD
1031 1074 1300 1149 ATTICUM.

513 1289 542 1360 l.
570 1312 602 1359 1.
630 1311 661 1358 1.
685 1315 702 1344 κ
722 1287 780 1360 De
803 1284 963 1360 Aufidio
990 1301 1026 1358 et
1052 1285 1236 1359 Palicano
1258 1309 1338 1358 non
1356 1301 1453 1382 puto

458 1417 494 1476 te
511 1414 728 1498 exspectare
755 1398 852 1473 dum
880 1399 1061 1474 scribam.
1097 1403 1154 1476 De
1181 1401 1241 1473 his
1259 1399 1328 1498 qui
1344 1424 1453 1475 nunc

460 1529 606 1614 petunt,
628 1515 772 1588 Caesar
790 1529 915 1588 certus
935 1529 1104 1611 putatur.
1127 1553 1143 1580 ,ἦ

514 1666 531 1694 a
549 1633 607 1706 De
624 1629 783 1704 Aufidio
802 1645 837 1704 et
867 1630 1052 1704 Palicano
1079 1631 1188 1705 nulla
1214 1648 1308 1728 puto
1334 1647 1369 1704 te
1387 1655 1451 1705 ex·

460 1763 641 1848 spectare.
659 1747 748 1821 Iam
763 1746 930 1820 scribam
947 1745 993 1820 de
1007 1747 1068 1819 his
1081 1746 1149 1846 qui
1164 1770 1269 1820 nunc
1283 1762 1418 1845 petunt
1438 1777 1447 1822 :

460 1865 602 1940 Caesar
620 1876 747 1936 certus
765 1875 992 1959 putatut;...
1015 1901 1030 1928 ‚2

513 1981 543 2054 t.
570 2001 629 2052 ιι.
651 2001 686 2051 2.
714 2007 730 2036 ι
749 1975 850 2050 Scito
882 1974 980 2048 nihit
1013 1989 1093 2048 tam
1124 1975 1333 2050 exercitum
1365 2001 1447 2052 esse

461 2116 566 2170 nunc
585 2094 737 2167 Romae
755 2115 876 2188 quam
895 2089 1137 2173 candidatos,
1161 2091 1348 2166 omnibus
1377 2092 1448 2166 ini·

459 2205 689 2308 quitatibus.
710 2241 727 2269 n

457 2397 459 2404 ,
513 2357 530 2388 e
630 2345 752 2420 quam
786 2317 1013 2394 candidatos
1050 2350 1059 2393 z
1097 2321 1274 2395 omnibus
1309 2323 1446 2420 iniqua

457 2439 648 2514 civitas.»

511 2553 542 2628 1.
573 2553 626 2626 13.
654 2578 687 2624 1.
718 2551 892 2646 «Neque
920 2565 1050 2622 tamen
1075 2549 1114 2623 id
1139 2551 1268 2649 ipsum
1294 2567 1444 2626 certum

460 2668 601 2752 habeo,
621 2702 638 2731 n
660 2695 677 2724 κ
695 2688 820 2761 neque
842 2665 1012 2736 tandem.
1033 2701 1050 2729 n

512 2783 542 2856 1.
576 2783 631 2856 18.
666 2805 700 2855 2.
738 2814 754 2840 κ
773 2781 817 2852 ln
849 2779 1028 2876 republ.
1061 2803 1167 2863 vero,
1199 2803 1445 2878 quamquam

462 2895 618 2971 animus
646 2912 703 2969 est
732 2919 925 2994 praesens
960 2910 1088 2968 tamen
1121 2895 1302 2969 voluntas
1329 2897 1448 2970 etiam

461 3025 577 3112 atque
595 3010 710 3085 etiam
729 3009 812 3109 ipsa
827 3007 1020 3083 medicina
1038 3008 1181 3105 effugit.
1202 3047 1219 3077 2

508 3210 542 3222 -
556 3174 668 3258 Efficit
680 3174 774 3236 codd.
794 3175 830 3236 In
852 3194 884 3236 re
906 3194 938 3255 p.
962 3193 1035 3234 vero
1050 3192 1247 3257 quamquam
1262 3177 1388 3238 animus
1403 3189 1449 3240 est

461 3290 618 3354 praesens,
635 3283 741 3333 tamen
757 3270 902 3335 voluntas
917 3271 1035 3332 civium
1048 3284 1143 3352 atque
1154 3273 1249 3333 etiam
1265 3274 1334 3354 ipsa
1349 3273 1449 3335 medi-

461 3373 532 3434 cina
556 3369 674 3452 deficit‚
701 3371 794 3432 Boot.
822 3391 853 3452 p.
881 3372 934 3453 43.
955 3406 989 3416 -
1015 3371 1060 3433 H.
1085 3371 1107 3431 l.
1128 3383 1197 3433 toto
1224 3372 1336 3434 Cicero
1362 3373 1451 3454 quasi

463 3470 601 3532 medicus
626 3468 756 3552 quidam
779 3471 886 3532 scribit
910 3477 1059 3542 :inactus
1084 3470 1189 3531 locum
1216 3471 1452 3532 resecandae

463 3568 619 3637 libidinis,
636 3579 666 3630 et
683 3586 690 3626 :
707 3585 762 3648 spe
775 3568 913 3648 reipub.
930 3568 1146 3650 corrigendae
1167 3579 1200 3630 et
1221 3569 1449 3652 sanandae),

461 3668 623 3730 curatione
638 3685 711 3728 vero
726 3685 782 3727 sua
798 3686 830 3728 se
846 3667 960 3729 fatetur
975 3687 1039 3728 non
1054 3666 1215 3748 proficere.

515 3848 532 3877 a
552 3818 597 3891 ln
616 3840 656 3890 re
673 3840 762 3914 p...‚
783 3831 912 3888 tamen
939 3815 1118 3888 voluntas
1144 3812 1290 3889 civium
1311 3813 1449 3910 iniqua

467 3933 624 4006 inanem
644 3932 768 4029 ipsam
788 3929 1021 4004 medicinam
1044 3927 1174 4004 efficit.
