3362 5044
524 544 564 624 34
894 554 967 605 nuo
990 553 1140 606 anucco

521 734 591 786 tum
606 723 817 804 negotiatores
830 721 1040 804 appellentur,
1054 721 1235 802 praesertim
1248 741 1349 805 quum
1365 725 1507 805 negotia-

521 835 616 900 tores,
639 823 696 906 qui
724 824 935 904 argentariam
960 821 1101 904 plerique
1126 822 1274 900 facerent,
1302 841 1401 904 paene
1427 823 1509 887 tanti

521 920 762 983 aestimarentur
775 921 887 1003 quanti
901 932 1009 983 nostra
1032 931 1148 997 aetate,
1164 920 1311 1005 idemque
1330 923 1393 984 lere
1407 921 1509 984 valeat

521 1017 582 1081 hoc
592 1017 723 1080 verbum
736 1019 948 1101 negotiatoris
959 1031 1054 1101 atque
1070 1032 1215 1083 nostrum
1231 1019 1505 1102 groothandelaar.

522 1115 584 1192 (Cf.
603 1115 716 1194 Xrebs‚
734 1116 846 1180 Antib.
864 1136 890 1180 s.
907 1137 938 1179 v.
962 1118 1173 1200 Negotiator.)

572 1270 741 1347 «Sciunt
761 1272 855 1346 haec
886 1273 1112 1370 Thyatireni
1128 1280 1191 1364 (t),
1221 1277 1397 1352 homines
1427 1299 1505 1352 non

519 1385 624 1473 viles,
655 1384 779 1462 sciunt
809 1386 904 1462 boni
929 1387 1004 1462 viri
1032 1389 1351 1490 Apollonidenses
1366 1396 1410 1481 (t)
1445 1446 1502 1477 ...‚

520 1497 646 1575 sciunt
665 1512 908 1590 mercatores,
930 1502 1195 1600 negotiatores.
1215 1543 1231 1572 n

567 1616 690 1690 XXX.
711 1639 773 1712 74.
798 1649 814 1678 u
834 1617 1064 1716 Emptiones
1093 1619 1223 1704 falsas,
1256 1617 1507 1718 praediorum

518 1729 815 1830 proscriptiones
835 1755 925 1808 cum
943 1733 1183 1809 mulierculis
1198 1749 1328 1835 aperta
1342 1732 1507 1810 circum-

519 1844 725 1946 scriptione
751 1845 920 1925 lecisti...
944 1848 1250 1924 Polemocratem
1271 1846 1504 1947 scripsisti.»

570 1993 588 2026 α
695 1984 785 2037 cum
817 1963 1137 2039 muliercularum
1173 1979 1304 2064 aperta
1338 1965 1504 2040 circum-

516 2073 767 2175 scriptione...
786 2077 1093 2154 Polemocratem
1113 2078 1360 2178 adscripsisti.
1385 2115 1402 2146 n

566 2193 710 2267 XXXI.
730 2193 775 2288 76
797 2190 987 2269 «Utinam
1013 2215 1138 2292 neque
1156 2192 1285 2292 ipsum
1301 2216 1426 2293 neque
1442 2216 1505 2268 me

514 2305 740 2404 poeniteret!
772 2305 957 2383 Flaccum
977 2305 1121 2382 iniuria
1139 2304 1355 2383 decrevisse
1379 2307 1419 2383 in
1437 2321 1504 2382 tua

515 2447 554 2497 re
578 2421 703 2499 dicis:
725 2459 742 2490 s

566 2539 787 2612 «Attamen
812 2561 936 2638 neque
953 2537 1082 2636 ipsum
1109 2561 1234 2637 neque
1254 2562 1317 2612 me
1329 2539 1505 2637 poenitet

517 2651 702 2727 Flaccum
722 2651 762 2726 in
781 2651 889 2727 curia
908 2650 1121 2728 decrevisse
1134 2677 1181 2727 ea
1199 2652 1301 2727 tueri
1316 2651 1497 2726 iudicia.»

562 2769 729 2844 XXXll.
749 2771 808 2866 78.
834 2802 849 2832 a
867 2770 977 2844 Num
993 2766 1108 2843 etiam
1124 2766 1251 2843 fratris
1266 2766 1341 2843 mei
1356 2765 1499 2841 litteras

511 2881 755 2982 plenissimas
786 2881 1038 2959 humanitatis
1068 2899 1102 2959 et
1137 2881 1338 2983 aequitatis
1374 2906 1498 2981 repre-

511 2997 705 3075 hensurus
738 3005 806 3076 es?
835 3003 978 3099 †quas
1009 2996 1164 3073 easdem
1198 2996 1351 3072 mulieri
1381 3023 1404 3072 a
1436 3021 1499 3072 me

512 3111 620 3189 datas
639 3113 744 3214 apud
766 3118 975 3190 Patarenos
994 3111 1202 3212 requisivit.
1224 3149 1239 3179 „

553 3286 604 3352 Cf.
621 3290 641 3365 §
655 3306 706 3370 72,
723 3289 762 3370 73
780 3309 787 3350 :
806 3306 972 3349 «uxorem
987 3287 1164 3350 abduxit...
1181 3287 1331 3349 restituat
1345 3303 1494 3361 uxorem,

508 3385 626 3448 reddat
639 3387 758 3448 misero
765 3387 860 3467 patri
872 3386 991 3467 filiam.
1009 3409 1023 3446 r
1048 3385 1182 3451 Videtur
1205 3386 1362 3448 Decianus
1384 3383 1497 3445 mulie-

507 3503 568 3557 res,
586 3504 624 3547 ne
639 3486 864 3557 invenirentur,
879 3505 932 3548 rus
947 3485 987 3549 ad
1004 3485 1218 3568 Thyatirenos
1235 3485 1367 3547 misisse.
1385 3483 1496 3565 Thya·

507 3583 625 3645 tirenos
646 3586 714 3647 erui
735 3605 771 3647 ex
793 3585 889 3648 Plinii
911 3584 980 3646 loco
1003 3585 1100 3662 (Hist.
1124 3595 1189 3647 nat.
1206 3584 1244 3647 V.
1268 3587 1288 3662 §
1314 3583 1378 3657 126)
1400 3599 1494 3662 quem

507 3701 540 3764 p.
564 3685 619 3767 139
635 3683 801 3746 Dumesnil
818 3681 971 3746 laudavit.

560 3871 576 3900 a
657 3840 771 3926 Queis
788 3840 926 3914 eisdem
943 3838 1119 3914 mulieres
1138 3835 1367 3911 amandatas
1386 3832 1492 3932 apud

511 3957 547 4031 T
543 3956 765 4053 ltyatirenos
784 3954 994 4053 requisivit.
1016 3992 1032 4022 s
