3356 5040
604 1183 925 1258 PRAEFATIO.

323 1479 380 1556 Ex
398 1477 634 1553 editionibus
650 1476 794 1577 quibus
814 1501 902 1552 sum
918 1504 1024 1566 usus,
1038 1481 1166 1580 (atque
1184 1506 1256 1557 suo

270 1618 448 1694 quaeque
462 1595 547 1670 loco
562 1591 959 1691 indicabuntur),satis
969 1595 1112 1695 patebit
1125 1595 1254 1673 cuius-

272 1707 380 1785 modi
406 1708 576 1786 subsidia
594 1708 722 1786 critica
741 1725 893 1808 praesto
919 1709 1017 1786 mihi
1043 1710 1185 1789 fuerint
1204 1713 1253 1789 ad

272 1827 366 1900 haec
392 1823 696 1913 conscribenda;
725 1823 832 1899 haud
861 1849 1000 1924 magna
1028 1851 1133 1913 sane,
1164 1851 1255 1904 cunr

271 1942 349 2030 fere
370 1939 503 2039 exigua
530 1938 781 2040 propriorum
809 1939 1001 2016 librorum
1029 1940 1142 2041 copia
1165 1967 1256 2020 con-

270 2069 397 2131 tentus
410 2079 490 2129 esse
504 2053 728 2142 debuerim;
745 2055 877 2154 plures
892 2081 983 2132 vero
999 2081 1078 2132 non
1092 2072 1173 2134 erat
1186 2082 1256 2134 cur

270 2186 380 2247 antea
411 2169 678 2270 providerem,
713 2195 837 2268 quum
869 2171 927 2246 his
961 2170 1150 2271 proximis
1179 2173 1255 2272 pri·

271 2309 381 2362 mum
414 2284 615 2361 mensibus
646 2284 686 2359 in
717 2309 761 2360 ea
789 2309 830 2360 re
861 2286 1033 2362 studium
1066 2290 1254 2364 collocare

270 2401 494 2502 coeperim(
521 2403 544 2499 ).
869 2408 871 2410 ’

320 2516 571 2593 Dubitantem
587 2515 700 2615 igitur
718 2517 768 2592 ob
784 2516 878 2592 haec
891 2516 1143 2595 incommoda
1157 2545 1254 2597 num

268 2659 408 2735 operae
437 2632 604 2732 pretium
633 2633 728 2708 foret
754 2634 824 2708 has
850 2657 994 2733 paucas
1015 2634 1255 2713 coniecturas

267 2749 398 2839 edere,
428 2748 595 2848 perpulit
629 2748 723 2824 haec
750 2747 940 2847 cogitatio,
974 2748 1006 2824 si
1043 2776 1121 2849 qua
1152 2768 1254 2829 recta

267 2880 403 2952 essent,
421 2863 619 2939 nonnullis
636 2888 680 2939 ea
697 2863 856 2939 fortasse
870 2864 959 2939 usui
978 2865 1129 2955 futura
1152 2891 1253 2966 quae

266 2979 397 3055 minus
422 2979 581 3056 feliciter
611 2978 849 3068 cecidissent,
870 2978 1016 3056 nemini
1047 2980 1254 3058 detrimen·

265 3111 349 3171 tum
376 3096 538 3171 allatura
556 3119 650 3182 esse,
671 3093 860 3193 quoniam
877 3092 915 3169 in
934 3094 998 3170 tali
1019 3121 1059 3173 re
1077 3113 1112 3172 et
1127 3098 1255 3175 aliena

299 3311 334 3373 tr)
352 3309 456 3360 Gratias
477 3323 555 3377 agere
578 3306 664 3359 debeo
680 3310 863 3375 maximasque
881 3324 941 3377 ago,
961 3312 1036 3377 quod
1056 3312 1256 3380 perhumaniter

265 3393 426 3444 commodati
448 3401 509 3443 sunt
529 3390 590 3442 libri
609 3391 721 3457 quidam
743 3389 921 3442 Bibliothecae
939 3392 1124 3463 philologiae,
1137 3407 1258 3463 quaeest

266 3477 405 3528 Ministerii
422 3475 529 3544 Belgici,
551 3489 633 3542 penes
649 3475 723 3541 quod
739 3489 803 3525 cura
820 3484 859 3525 est
877 3477 1047 3527 institutionis
1058 3477 1181 3546 publicae
1195 3483 1258 3533 :sed

266 3559 301 3610 ibi
314 3560 417 3626 aliquot
429 3557 523 3609 abhinc
543 3572 626 3608 annos
645 3557 722 3608 desiti
741 3566 801 3608 sunt
817 3560 905 3625 parari
922 3559 1037 3611 Annales
1049 3560 1213 3631 philologici,
1227 3581 1258 3616 ex

265 3643 363 3710 quibus
383 3643 527 3693 novissima
547 3656 671 3708 quaeque
692 3650 908 3708 cognoscuntur:
928 3643 1017 3709 itaque
1034 3642 1092 3695 fieri
1110 3649 1215 3713 poterit,
1229 3657 1258 3698 ut

264 3743 317 3777 una
333 3736 378 3777 aut
395 3726 476 3776 altera
495 3726 645 3776 coniectura
659 3738 690 3774 ex
701 3723 752 3784 his,
762 3738 831 3790 quae
845 3723 1026 3792 proferuntur.
1040 3726 1103 3778 alibi
1115 3730 1169 3779 iam
1182 3743 1256 3798 repe·

262 3812 346 3860 riatur
357 3809 435 3861 edita.
451 3808 616 3858 Percontanti
630 3816 719 3856 autem
731 3804 797 3856 mihi
811 3821 859 3873 per
876 3807 975 3858 litteras
991 3823 1007 3858 a
1027 3810 1137 3861 custode
1160 3811 1257 3863 Biblio-

264 3891 355 3943 thecae
366 3894 455 3960 regiae
473 3891 650 3942 Bruxeliensis
671 3892 783 3941 comiter
800 3893 958 3958 rescriptum
970 3901 1017 3953 est,
1031 3892 1123 3944 dolere
1140 3909 1168 3944 se
1182 3895 1257 3962 quod

264 3974 428 4024 commodari
441 3972 524 4024 libros
536 3971 575 4024 fas
588 3987 640 4023 non
653 3971 721 4024 foret
733 3972 888 4024 hominibus
899 3974 1123 4041 provincialibus3
1136 3991 1255 4043 quorum

262 4055 403 4107 hominum
415 4055 499 4107 oculis
511 4065 537 4106 et
548 4056 603 4107 otio
616 4071 696 4107 nemo
705 4072 757 4109 non
768 4055 893 4107 fatebitur
906 4060 1007 4124 optime
1019 4058 1131 4109 consuli.
