3356 5040
611 501 811 551 HORATlUS.
1165 489 1199 550 61

218 677 288 732 sen;
317 656 462 737 pluribus
488 656 565 717 locis
591 667 620 718 et
646 655 746 717 latens
772 656 885 717 vitium
913 656 939 717 is
965 654 1091 727 detexit,
1116 668 1145 719 et
1161 656 1205 719 ita

218 759 352 831 sanavit,
377 769 412 820 ut
435 757 514 819 nihil
536 756 673 836 amplius
691 754 893 817 desideretur.
914 754 950 816 ln
966 755 1014 816 his
1036 773 1110 817 vero
1132 775 1204 836 pro-

220 853 297 916 bans
322 875 404 936 quae
428 866 648 937 opponuntur,
668 867 772 916 tamen
799 855 910 934 putavi
935 853 1024 914 aliter
1045 853 1205 915 emendari

218 973 320 1034 posse,
337 974 420 1036 quae
435 955 523 1017 libris
539 957 662 1035 scriptis
677 953 792 1017 tradita
807 965 893 1015 sunt.

582 1100 692 1161 Carm.
712 1099 741 1162 I.
760 1105 793 1162 5.
813 1105 846 1162 9.

270 1248 287 1278 a
309 1215 388 1311 Qui
409 1240 513 1291 nunc
531 1231 566 1289 te
585 1215 725 1289 fruitur
743 1214 926 1290 credulus
944 1238 1074 1295 aurea.

269 1331 347 1425 Qui
362 1355 515 1430 semper
533 1354 715 1410 vacuam.
738 1353 890 1428 semper
905 1329 1116 1404 amabilem

269 1449 447 1545 Sperat...
475 1481 491 1510 n

262 1647 297 1656 —
315 1611 526 1674 Cornelissen.
547 1609 612 1685 Qui
624 1628 749 1690 semper
762 1610 974 1690 placidam.
992 1645 1031 1654 -
1049 1611 1174 1691 Hagen.
1195 1633 1202 1674 :

218 1711 773 1784 v=ci;a=c;c=u;u=r.

271 1893 286 1921 a
310 1856 389 1953 Qui
408 1882 560 1956 semper
578 1859 763 1944 cicerem,
782 1883 934 1956 semper
952 1859 1200 1935 amabilem„

549 2015 659 2076 Carm.
683 2014 713 2076 I.
740 2020 794 2077 13.
818 2021 872 2077 13.

268 2130 375 2210 Non,
397 2127 427 2201 si
449 2153 510 2201 me
529 2129 619 2202 satis
638 2128 788 2217 audias,

343 2245 479 2341 Speres
499 2261 743 2342 perpetuum,
764 2243 894 2320 dulcia
915 2246 1076 2321 barbare

270 2356 502 2431 Laedentem
523 2359 668 2443 oscula,
689 2382 789 2455 quae
806 2359 937 2432 Venus

343 2472 487 2568 Quinta
507 2488 613 2572 parte
633 2473 691 2548 sui
713 2474 874 2548 nectaris
898 2473 1049 2549 imbuit.

258 2675 298 2685 -
315 2640 442 2703 Cornel.
462 2641 561 2703 Gutta
565 2641 672 2723 forte.
691 2677 727 2688 -

346 2817 362 2849 κ
386 2844 442 2875 ...,
466 2787 603 2862 Dulcia
614 2813 821 2888 perperam
839 2792 888 2888 (ι)

272 2905 470 2977 Libantem
489 2904 631 2986 oscula,
650 2929 750 3002 quae
767 2907 899 2978 Venus

341 3019 460 3092 Curta
478 3033 584 3115 parte
604 3018 663 3091 sui
684 3019 844 3093 nectaris
863 3018 1017 3093 imbuit.
1042 3058 1057 3087 ⁵,

548 3173 659 3234 Carm.
683 3172 713 3234 I.
742 3178 798 3234 31.
831 3175 860 3234 7.

294 3289 408 3363 ‘Non
430 3311 534 3374 rura,
556 3311 656 3385 quae
677 3287 777 3360 Liris
796 3286 925 3386 quieta

366 3400 522 3476 Mordet
540 3425 642 3499 aqua
661 3401 874 3477 taciturnus
893 3403 1034 3477 amnis.

257 3603 297 3614 —-
312 3567 440 3632 Cornel.
466 3569 508 3630 M
511 3569 552 3629 ul
556 3577 615 3629 cet
635 3586 721 3649 aqua
740 3602 781 3612 -
796 3568 1054 3631 Consentaneum
1069 3582 1116 3633 est
1129 3572 1202 3652 qui-

216 3677 299 3728 etam
318 3686 437 3748 aquam
460 3669 612 3740 mulcere,
636 3679 666 3728 et
691 3667 804 3726 eximia
828 3667 986 3729 videretur
1011 3666 1200 3741 emendatio,

216 3766 276 3826 nisi
293 3766 448 3830 Horatius
476 3765 508 3828 h.
532 3765 554 3826 l.
579 3765 694 3827 diceret
719 3763 845 3826 divitias
867 3783 934 3826 ase
951 3784 1015 3826 non
1031 3767 1129 3846 posci,
1148 3785 1204 3828 nec

250 3949 285 4012 (2)
302 3947 343 3998 cf.
356 3949 463 4002 Terent.
479 3948 588 4001 Phorm.
602 3949 635 4008 V,
653 3965 674 4008 r,
693 3947 729 4000 18.
