3356 5040
475 532 677 584 EPISTOLAE
698 533 746 583 AD
768 531 948 585 ATTICUM.
1176 527 1216 587 5ιιλ

225 703 289 765 dae
302 703 372 764 uisu
388 702 455 764 illis
470 702 556 763 unde
576 701 675 762 decor
692 701 733 763 sit
754 695 804 762 sic‘
817 703 857 764 Y.
874 703 1064 765 alienantur
1079 704 1217 768 immun·

225 801 288 863 dae
305 801 421 862 insulis
437 800 522 862 unde
541 799 658 860 decore
678 800 726 860 sic
750 801 797 862 M.
821 800 1011 862 alienantur
1027 802 1214 865 immundae

225 899 341 962 insulis
372 898 458 959 unde
485 897 602 958 decore
622 896 671 979 fit
696 897 744 959 sic
775 897 800 959 1.
831 898 1021 960 alienantur
1049 900 1214 962 immunde

225 997 341 1080 infulis
356 997 441 1059 unde
463 996 580 1058 decore
592 996 649 1058 sic.
670 995 766 1072 (Orel.
782 996 894 1058 ruris?
908 996 1063 1080 luridae).
1079 1035 1121 1044 —
1136 999 1212 1062 Nou

224 1097 361 1160 dubium
384 1097 445 1159 fere
470 1096 548 1158 mihi
573 1096 708 1171 videtur,
735 1099 814 1177 quin
839 1098 871 1160 h.
897 1098 918 1161 l.
939 1118 976 1161 ea
996 1097 1213 1180 significentur

223 1214 304 1276 quae
319 1197 530 1260 Terentianus
545 1194 596 1256 ille
613 1195 770 1256 Parmeno
785 1196 945 1271 (Eunuch.
963 1197 1004 1260 V.
1021 1218 1052 1279 4.
1069 1200 1096 1278 9)
1115 1221 1123 1260 :

348 1355 362 1393 r
431 1352 490 1414 ego
505 1333 584 1394 mihi
599 1346 680 1415 puto
696 1333 890 1414 palmarium

265 1435 320 1497 Me
334 1434 506 1515 repperisse
521 1433 684 1512 quomodo
700 1433 952 1496 adolescentulus

265 1534 468 1596 Meretricum
484 1531 609 1612 ingenia
622 1544 652 1593 et
666 1551 768 1595 mores
784 1545 890 1612 posset
906 1552 1084 1599 noscere...

264 1631 355 1708 Quae
370 1630 447 1692 dum
462 1629 538 1690 foris
553 1642 638 1702 sunt,
658 1629 702 1690 nil
717 1629 841 1692 videtur
856 1630 1020 1705 mundius,

182 1798 185 1803 ,
265 1731 333 1792 Nec
344 1729 445 1808 magis
455 1728 669 1808 compositum
680 1729 853 1809 quicquam
866 1748 922 1791 nec
934 1732 1034 1810 magis
1046 1730 1209 1810 elegans...

267 1832 410 1893 Harum
430 1828 555 1889 videre
576 1827 758 1888 inluviem
781 1826 911 1889 sordes
934 1828 1090 1909 inopiam,

263 1929 370 2005 Quam
384 1929 569 1988 inhonestae
580 1924 666 1986 solae
684 1926 748 1986 sint
764 1924 853 1987 domi
868 1938 963 2007 atque
976 1925 1212 1990 avidaecibi...n

264 2065 370 2141 Atque
394 2058 527 2137 longum
549 2069 595 2119 est
616 2077 877 2139 unamquamque
903 2058 1039 2120 litteram
1066 2063 1210 2142 persequi

221 2171 252 2222 et
266 2157 401 2221 enodare
419 2179 426 2219 :
443 2157 520 2218 haec
535 2153 660 2218 videant
675 2157 848 2237 peritiores,
857 2159 969 2236 quanti
984 2159 1058 2231 sint;
1075 2159 1151 2220 satis
1166 2168 1212 2219 est

220 2276 286 2319 rem
302 2255 466 2318 indicasse.

274 2426 290 2456 a
303 2395 529 2490 Tamquam
549 2390 656 2465 miles
668 2392 925 2490 manipularis
939 2407 1092 2466 secutus
1103 2390 1207 2467 sim..

222 2509 320 2584 sicut
337 2516 365 2580 ἐν
379 2525 442 2590 τοῖς
458 2514 611 2605 ἐρωτικοῖς
633 2506 780 2582 alienat
804 2509 963 2582 istarum
984 2508 1111 2582 videre
1129 2509 1213 2582 illu.-

223 2623 320 2697 viem
338 2623 479 2707 sordes,
502 2633 541 2694 ut
558 2621 736 2694 dedecori
753 2622 844 2709 sint,
865 2621 967 2697 sic...
988 2661 1005 2691 „

272 2740 341 2812 XI.
370 2759 403 2832 7.
440 2761 470 2809 1.
501 2737 699 2810 «Factum
729 2735 854 2833 igitur,
885 2753 927 2811 ut
951 2737 1102 2824 scribis,
1130 2737 1209 2813 istis

223 2854 387 2951 placere,
417 2851 552 2925 iisdem
577 2850 777 2926 lictoribus
804 2878 867 2927 me
894 2853 962 2935 uti,
990 2853 1097 2951 quod
1125 2877 1214 2928 con-

222 2991 374 3042 cessum
394 2965 521 3041 Sextio
537 2965 595 3048 sit,
616 2965 679 3040 cui
700 2991 778 3040 non
797 2984 890 3064 puto
911 2992 1002 3041 suos
1021 2993 1100 3041 esse
1118 2992 1208 3043 con-

221 3106 360 3159 cessos.
383 3081 448 3155 sed
468 3082 517 3154 ab
537 3080 624 3177 ipso
643 3078 766 3154 datos.
792 3119 807 3148 n

265 3243 463 3321 Pomponius
478 3238 632 3321 quidnam
648 3240 761 3314 riserit,
778 3251 864 3321 patet
883 3243 1029 3302 extremis
1044 3260 1081 3301 ex
1095 3240 1209 3304 verbis.

275 3379 496 3452 “Facetum
528 3377 660 3463 idest,
691 3394 732 3451 ut
764 3377 914 3466 scribis
949 3379 1028 3454 istis
1060 3381 1211 3478 placere

222 3493 378 3566 totidem
412 3490 614 3566 lictoribus
652 3515 713 3565 me
751 3493 818 3581 uti,
859 3506 951 3592 quot
983 3519 1210 3572 concessum

223 3606 348 3680 Sextio
363 3606 421 3687 sit.
453 3606 515 3681 cui
547 3630 626 3680 non
651 3623 746 3705 puto
773 3634 864 3684 suos
890 3636 972 3685 esse
994 3636 1206 3700 concessos,

223 3719 289 3792 sed
307 3723 357 3795 ab
376 3720 460 3818 ipso
479 3723 557 3796 sibi
575 3721 698 3796 datos.
721 3758 737 3789 „

271 3835 341 3908 Xl.
370 3836 422 3908 13.
446 3837 479 3908 5.
504 3867 520 3897 ..-
539 3834 777 3934 Quotiesque
798 3839 970 3929 habebis,
992 3841 1055 3916 cui
1074 3840 1142 3914 des
1160 3840 1210 3916 ad

223 3973 286 4023 me
314 3948 467 4036 litteras,
492 3949 611 4023 nolim
632 3952 926 4049 praetermittas.
