3356 5040
249 1114 697 1198 ACADEMICORUM
733 1109 1153 1188 POSTERIORUM.

600 1387 682 1442 cru.
713 1385 740 1441 r.
770 1367 818 1462 (1)

265 1670 294 1742 Ι.
333 1691 364 1740 1.
397 1696 414 1726 κ
436 1669 561 1763 Atque
579 1663 690 1736 illum
708 1659 914 1760 complexi,
940 1675 981 1734 ut
1000 1684 1085 1734 mos
1103 1657 1201 1734 anri-

164 1792 165 1796 ’
211 1805 350 1858 corum
368 1794 436 1866 est,
449 1778 538 1854 satis
556 1801 647 1853 eum
666 1779 778 1874 longo
798 1775 999 1850 intervallo
1017 1773 1066 1850 ad
1086 1797 1199 1849 suam

212 1899 346 1972 villam
365 1893 605 1970 reduximus.
626 1931 642 1960 n

256 2082 296 2090 -
311 2043 431 2106 Adnot.
449 2044 517 2104 crit.
531 2043 611 2103 satis
624 2061 695 2103 eum
712 2042 809 2122 longo
832 2041 1005 2101 interuallo
1027 2051 1058 2102 et
1079 2057 1209 2120 corrup·

215 2157 283 2206 turn
301 2163 357 2203 nec
372 2163 391 2202 a
413 2160 579 2223 quoquam
590 2139 693 2201 adhuc
706 2139 910 2220 probabiliter
921 2150 1106 2201 correctum.
1124 2137 1205 2200 Hal-

217 2243 301 2302 mius
318 2241 483 2302 Davisium
497 2250 623 2300 secutus
632 2257 667 2299 se
677 2238 845 2299 visentium
859 2238 956 2318 longo
972 2238 1101 2314 interu,
1121 2238 1204 2300 Bait.

219 2338 418 2419 Madvigium
443 2338 523 2399 satis
544 2347 610 2398 tum
634 2339 656 2398 l.
682 2338 704 2398 i.
722 2371 761 2380 -
779 2338 826 2398 Ex
852 2338 889 2396 iis
914 2355 995 2416 quae
1022 2335 1212 2402 antecedunt

219 2460 232 2496 t
241 2438 445 2518 paulumque
460 2455 558 2517 quum
575 2436 616 2496 ab
632 2435 700 2496 eius
714 2435 788 2495 villa
811 2435 990 2497 adessemus
1006 2457 1018 2494 r
1044 2447 1128 2516 patet
1143 2435 1210 2496 lon-

216 2555 294 2617 gum
308 2534 511 2597 intervallum
523 2533 755 2614 temporis,non
768 2534 909 2595 locorum
923 2531 1105 2614 significari,
1116 2546 1212 2615 atque

218 2633 418 2696 intervallum
442 2632 521 2694 illud
544 2632 584 2694 ad
606 2633 737 2694 verbum
754 2631 840 2714 quod
863 2633 923 2694 sub
941 2633 1021 2694 satis
1035 2652 1106 2694 eum
1123 2632 1209 2708 latet,

218 2735 361 2795 attinere.
393 2734 556 2794 Praeterea
582 2733 693 2795 Cicero
716 2742 752 2792 ut
774 2750 842 2793 mos
863 2742 911 2794 est
930 2733 1109 2794 amicorum
1133 2732 1212 2796 solet

222 2830 367 2905 scribere,
384 2834 515 2908 (Anton.
534 2829 627 2893 stud.
646 2831 688 2892 ll.
712 2832 790 2914 139.)
808 2855 816 2905 ;
834 2830 912 2892 illud
928 2832 1059 2892 verbum
1079 2842 1126 2894 est
1141 2831 1213 2892 ideo

225 2926 350 3002 excidit,
369 2926 456 3008 quod
472 2947 529 3008 pro
545 2929 630 2989 inter
643 2947 677 2990 se
691 2930 815 3009 irrepsit
830 2929 964 2991 alterurn
980 2940 1035 2992 est.

282 3094 298 3122 a
315 3063 440 3157 Atque
457 3057 568 3132 illum
586 3058 790 3157 complexi.
820 3077 862 3132 ut
890 3083 975 3133 mos
993 3073 1047 3135 est
1071 3059 1215 3135 amico-

230 3198 319 3249 rum
337 3175 438 3248 inter
463 3197 502 3247 se
518 3174 771 3248 salutantium
797 3173 909 3270 longo
928 3173 1142 3263 intervallo,
1164 3173 1213 3249 ad

229 3314 343 3364 suam
361 3287 494 3364 villam
513 3287 753 3363 reduximus.
778 3324 794 3353 n

283 3407 313 3480 l.
332 3429 367 3479 2.
389 3437 404 3467 α
424 3404 501 3479 Hic
516 3428 639 3504 pauca
651 3403 920 3502 primumque
934 3428 977 3478 ea
991 3418 1217 3502 percontan-

232 3521 334 3596 tibus
353 3519 479 3608 nobis‚
495 3519 633 3620 ecquid
652 3520 896 3594 forte‘Roma
915 3519 1044 3605 novi„

267 3733 302 3794 (1)
321 3734 349 3784 ln
362 3732 437 3782 libris
450 3733 483 3783 de
495 3732 665 3799 philosophia
679 3748 744 3782 usus
756 3748 816 3783 sum
836 3733 890 3786 vol.
911 3734 931 3793 1,
947 3733 980 3795 ΙΙ,
995 3734 1118 3784 editionis
1136 3749 1218 3800 quarn

235 3818 386 3881 recognovit
397 3815 427 3868 C.
442 3815 472 3868 P.
485 3815 530 3865 W.
550 3816 671 3868 Mueller.
687 3837 693 3866 ι
707 3815 775 3869 Adn.
794 3817 851 3866 crit.
869 3817 989 3883 designat
1006 3818 1064 3866 eius
1081 3816 1223 3883 praefatio·

236 3907 311 3954 nem;
323 3898 397 3946 cuius
416 3898 489 3948 modi
507 3901 608 3949 utinam
626 3901 715 3964 plures
733 3896 910 3949 haberemus!
932 3899 1025 3949 Paucis
1037 3901 1108 3948 enim
1119 3901 1224 3966 paginis

237 3985 263 4026 et
280 3974 378 4028 fructus
390 3979 527 4031 exhibetur
543 3982 660 4032 diuturni
672 3980 779 4042 laboris,
799 3991 824 4031 et
841 3997 911 4047 qune
928 3992 988 4032 sunt
1006 3981 1179 4042 emendanda,
1195 3997 1224 4032 se

237 4057 300 4110 dant
310 4059 336 4109 in
348 4071 527 4126 conspectum.
