3356 5040
480 501 497 546 2
679 488 976 541 ACADEMICORUM
1001 489 1264 542 POSTERIORUM

523 660 655 740 Propter
676 678 712 720 ea
734 678 816 740 quae
839 671 915 722 sunt
943 659 999 720 lib.
1019 659 1062 721 11.
1082 661 1111 721 3.
1134 659 1167 720 13
1183 659 1222 721 de
1237 661 1327 724 Orat.
1348 660 1468 736 «Quid

477 779 533 824 vos
557 759 699 835 tandem,
726 761 874 835 Crassus,
898 778 975 821 num
1004 760 1171 842 quidnam,
1196 761 1310 842 inquit,
1335 761 1435 823 novi?
1448 784 1462 821 »

477 860 647 940 possimus,
665 869 701 920 ut
715 857 871 930 videmur,
889 857 1046 919 scribere:

530 1019 546 1049 a
564 987 642 1063 Hic
655 1010 779 1086 pauca
794 986 936 1085 primo,
953 1002 1001 1073 et,
1021 986 1124 1071 Quid
1135 997 1186 1073 tu,
1207 985 1462 1085 percontanti·

477 1103 549 1176 bus
568 1101 693 1187 nobis,
714 1101 852 1201 ecquid
872 1101 968 1176 forte
988 1104 1118 1176 Roma
1137 1100 1292 1175 novit„

527 1218 557 1293 l.
587 1241 621 1292 2.
657 1248 673 1278 α
699 1215 989 1315 Intemperantis
1028 1215 1131 1289 enim
1173 1214 1339 1289 arbitror
1378 1241 1459 1289 esse

473 1329 638 1406 scribere
657 1328 763 1429 quod
782 1330 962 1406 occultari
981 1329 1081 1404 velit.
1102 1369 1118 1398 n

515 1476 588 1540 Hoc
609 1478 680 1539 loco
704 1496 822 1538 novum
849 1477 1039 1540 offendimus
1065 1479 1324 1558 intemperantiae
1345 1497 1456 1558 genus,

471 1575 558 1658 quod
573 1596 638 1638 non
654 1578 687 1638 in
701 1577 910 1652 absumendo,
924 1576 978 1638 sed
993 1579 1026 1637 in
1038 1576 1227 1639 abstinendo
1239 1578 1380 1657 positum
1392 1579 1432 1639 sit
1449 1600 1456 1639 :

470 1695 526 1736 nec
554 1675 636 1738 male
665 1677 832 1738 nobiscum
863 1688 1018 1756 ageretur,
1049 1676 1081 1737 id
1104 1678 1130 1738 si
1157 1676 1283 1756 longius
1310 1689 1455 1756 serperet.

468 1795 481 1832 a
500 1775 730 1856 Temperantia
749 1785 855 1837 autem
871 1773 996 1837 duobus
1011 1775 1116 1836 modis
1140 1773 1351 1849 discernitur,
1368 1785 1399 1836 et
1419 1795 1458 1836 ea

463 1893 547 1955 quae
568 1874 686 1935 absunt
706 1894 770 1935 non
787 1874 975 1954 expetendo,
992 1884 1023 1936 et
1036 1873 1077 1935 ab
1094 1874 1134 1936 iis
1149 1892 1233 1954 quae
1255 1873 1288 1934 in
1297 1882 1457 1954 potestate

462 1981 538 2040 sunt
562 1971 793 2036 abstinendo.»
821 1974 931 2035 Partit.
960 1983 1040 2035 orat.
1070 1993 1120 2036 22.
1148 1995 1200 2056 77.
1227 2008 1267 2018 —
1293 1971 1344 2036 cf.
1373 1973 1454 2034 infra

465 2071 503 2134 R.
525 2072 562 2134 P.
582 2073 609 2147 1,
628 2073 734 2157 38.59.

515 2233 531 2262 a
549 2200 729 2276 Nimium
749 2199 997 2299 temperantis
1018 2199 1124 2275 enim
1149 2201 1361 2276 arbitror...
1382 2237 1398 2266 n

514 2316 566 2392 11.
580 2318 614 2392 5.
632 2314 770 2391 «Nihil
784 2315 1096 2402 definiunt‚nihil
1109 2315 1341 2415 partiuntur,
1353 2315 1456 2390 nihili

460 2446 548 2530 apta
566 2429 864 2526 interrogatione
890 2430 1141 2516 concludunt,
1171 2431 1320 2504 nullam
1343 2428 1449 2504 deni-

457 2569 534 2644 que
551 2559 673 2618 artem
694 2569 776 2618 esse
795 2566 865 2617 nec
882 2543 1035 2618 dicendi
1065 2567 1134 2619 nec
1151 2543 1364 2619 disserendi
1379 2569 1448 2643 pu-

456 2673 548 2732 tant.
593 2659 678 2734 Nos
710 2674 839 2732 autem
872 2657 1084 2757 praeceptis
1118 2657 1374 2733 dialectorum
1410 2674 1447 2733 et

457 2787 674 2858 oratorum,
704 2771 892 2872 quoniam
922 2789 1129 2872 utramque
1154 2773 1235 2848 vim
1262 2774 1443 2849 virtutem

455 2913 536 2964 esse
551 2888 669 2963 nostri
688 2902 837 2988 putant,
854 2887 908 2962 sic
928 2904 1106 2987 parentes
1124 2904 1166 2963 ut
1185 2887 1344 2986 legibus,
1359 2914 1443 2964 ver-

455 3003 514 3079 bis
532 3028 690 3104 quoque
708 3002 819 3078 novis
836 3001 1011 3101 cogimur
1028 3002 1130 3078 uti...
1152 3045 1167 3073 „

496 3154 565 3216 Etsi
579 3153 620 3214 ad
634 3151 819 3215 variandam
830 3154 1008 3215 orationem
1023 3151 1237 3232 interrogatio
1248 3149 1296 3211 vel
1307 3150 1441 3212 ratioci-

451 3252 541 3313 natio
557 3250 709 3333 (Seyffert.
729 3251 834 3316 Schol.
853 3251 908 3313 lat.
928 3251 953 3313 1.
971 3255 1020 3332 44)
1038 3269 1129 3330 saepe
1144 3251 1176 3310 in
1189 3249 1442 3330 argumentando

450 3349 629 3425 adhibetur,
646 3369 711 3412 non
728 3361 774 3413 est
789 3350 849 3410 hoc
870 3349 941 3410 loco
962 3367 1056 3410 causa
1078 3367 1135 3410 cur
1156 3347 1233 3410 haec
1255 3346 1439 3428 singillatim

449 3445 597 3510 afferatur
614 3469 621 3511 :
638 3459 866 3511 enumerantur
890 3447 975 3509 enim
1002 3449 1214 3508 communiter
1239 3458 1301 3508 tres
1320 3447 1440 3526 praeci-

450 3563 532 3626 puae
560 3557 665 3626 partes
690 3546 896 3620 tractationis,
920 3544 1077 3628 definitio,
1101 3545 1228 3619 divisio,
1251 3545 1350 3607 ratio.
1377 3545 1440 3606 Pro

449 3641 706 3725 interrogatione
728 3662 876 3724 reponere
901 3645 1002 3724 possis
1034 3666 1041 3705 ε
1069 3654 1146 3725 apta
1174 3643 1250 3705 inde
1274 3643 1402 3704 ratione
1428 3667 1437 3704 :

447 3741 564 3802 etenim
579 3740 694 3822 pendet
715 3742 948 3821 argumentatio
970 3761 1007 3802 ex
1027 3738 1211 3802 definitione
1231 3753 1262 3803 et
1283 3739 1437 3802 divisione

448 3837 509 3915 (cf.
527 3838 627 3901 Acad.
647 3839 690 3901 ΙΙ.
711 3840 744 3900 31
766 3860 774 3901 ι
797 3838 993 3901 Virtutem...
1018 3857 1060 3900 ex
1082 3857 1146 3920 qua
1163 3857 1228 3900 una
1251 3839 1317 3900 vita
1333 3839 1438 3900 omnis

446 3945 540 4016 apta
569 3935 646 4019 est),·
663 3936 716 3999 sed
731 3937 771 3998 ad
801 3937 977 3999 litterarum
1006 3936 1120 3999 ductus
1150 3939 1327 4018 respicienti
1357 3938 1437 3999 mihi
