3356 5040
490 524 512 584 4
789 514 837 564 uu
860 514 1027 567 stamus.
1053 516 1084 568 L.
1110 515 1134 567 1.

523 717 563 728 -
579 682 664 744 Adn.
681 685 749 746 crit.
767 684 862 759 Quod
873 684 928 762 [id]
940 703 1052 747 verum
1065 694 1154 761 esset,
1174 685 1337 770 adfirmet,
1353 687 1466 750 Halm.

482 782 565 844 Bait.
581 818 622 828 -
639 783 719 844 Item
732 783 850 844 Domb.
868 785 901 843 in
917 803 973 844 sua
989 783 1063 845 edit.
1085 785 1155 847 Civ.
1175 785 1248 858 Dei,
1265 805 1340 848 ann.
1363 787 1437 849 1863
1456 808 1464 847 ε

479 881 533 943 sed
548 881 619 943 cod.
637 886 677 944 A.
694 901 792 963 quam
809 883 844 943 id
858 901 969 944 verum
984 883 1090 958 habet,
1107 895 1143 946 ut
1159 885 1247 965 quad
1260 904 1296 946 ex
1313 883 1467 967 dittogra-

481 981 612 1062 graphia
627 981 771 1043 videatur
785 992 903 1045 ortum.

534 1153 549 1181 a
570 1121 622 1194 Ut
645 1143 733 1192 eum
764 1118 918 1192 lussisse
944 1119 1088 1218 potius,
1109 1145 1228 1218 quam
1258 1122 1393 1220 [quod]
1426 1121 1466 1196 id

482 1256 621 1309 verum
640 1257 734 1318 esse,
755 1233 943 1330 adpareat
959 1233 1085 1310 dicere
1102 1235 1281 1312 voluisse.
1303 1274 1319 1304 n

792 1483 844 1538 DE
865 1483 1052 1541 LEGIBUS.
1076 1485 1113 1541 L.
1136 1487 1162 1541 1.

537 1662 565 1734 l.
596 1686 626 1738 1.
650 1695 665 1724 κ
684 1659 724 1736 Si
742 1679 872 1736 manet
896 1661 963 1739 iila
987 1689 1166 1764 quercus
1188 1665 1281 1741 haec
1306 1680 1360 1740 est
1379 1690 1467 1764 pro-

482 1776 590 1851 iecto,
610 1813 626 1844 η

524 1975 564 1987 -
591 1940 677 2003 Adn.
709 1943 778 2002 crit.
815 1943 873 2004 Sin
912 1943 1021 2020 codd„
1047 1945 1077 2005 si
1101 1944 1186 2005 enim
1216 1946 1311 2020 Dav„
1345 1943 1472 2018 Halm.5

486 2039 569 2102 Bait.
586 2075 627 2084 «-

536 2215 552 2244 α
571 2180 612 2256 Si
632 2182 817 2257 nimirum
839 2198 968 2257 manet
987 2182 1252 2281 illaiquercus.
1272 2221 1289 2252 n

531 2299 601 2372 Xl.
622 2299 677 2372 32.
701 2331 717 2359 a
734 2297 821 2373 Vita
840 2297 1039 2397 expetitur,
1075 2298 1168 2397 quia
1199 2323 1285 2387 nos,
1320 2298 1359 2373 in
1390 2323 1470 2398 quo

485 2412 563 2487 nati
583 2437 735 2497 sumus,
752 2415 932 2488 continet.
955 2450 971 2478 n

536 2561 552 2590 a
571 2528 677 2622 Quia
692 2551 774 2613 nos
796 2527 836 2601 in
855 2553 934 2626 quo
952 2541 1054 2603 statu
1075 2553 1227 2614 sumus,
1249 2527 1430 2604 continet.
1451 2565 1468 2597 2

530 2642 643 2716 Xlll.
666 2643 723 2716 35.
747 2644 805 2716 Ex
823 2642 870 2716 iis
889 2642 994 2717 enim
1013 2668 1114 2742 quae
1133 2642 1275 2730 dixisti,
1295 2647 1323 2742 †
1348 2641 1472 2718 Attico

481 2754 634 2830 videtur
662 2756 758 2830 mihi
787 2757 948 2855 quidem
976 2775 1075 2833 certe
1103 2784 1147 2833 ex
1176 2775 1314 2833 natura
1341 2773 1470 2833 ortum

486 2895 568 2948 esse
586 2895 659 2945 ius.
681 2910 697 2940 „

537 3017 558 3048 κ’
574 2987 633 3062 Ex
651 2985 697 3060 iis
715 2985 818 3061 enim
838 3012 939 3086 quae
966 2987 1102 3077 dixisti,
1133 2991 1202 3064 etsi
1226 2991 1342 3065 aliter
1372 2990 1408 3063 T
1405 2988 1471 3074 ita,

484 3099 637 3177 videtur
652 3101 749 3176 mihi
768 3101 974 3202 quidem...
1003 3140 1020 3170 η

534 3219 648 3292 Xlll.
674 3219 731 3294 36.
759 3249 775 3278 a
795 3220 907 3312 Quae
935 3219 1016 3293 fuse
1047 3219 1141 3294 olim
1173 3219 1473 3319 disputabantur

486 3355 531 3407 ac
549 3331 682 3419 libere,
705 3356 748 3407 ea
767 3357 873 3408 nunc
891 3333 1125 3411 articulatim
1140 3335 1318 3411 distincta
1339 3335 1474 3410 dicun-

486 3463 565 3522 tur.
584 3484 600 3514 a

538 3592 555 3624 ι
575 3562 633 3659 Ea
653 3585 757 3636 nunc
780 3562 1009 3638 articulatim
1032 3565 1219 3640 destinata
1238 3565 1434 3641 dicuntur.
1454 3601 1472 3632 2

536 3675 649 3750 xiil.
672 3677 728 3774 37.
754 3676 841 3751 “Ad
861 3677 1110 3754 stabiliendas
1128 3681 1244 3754 urbes
1263 3679 1475 3754 sanandos·

484 3795 568 3890 que
582 3791 762 3890 populos.
784 3829 801 3859 n

528 3907 865 4005 -aS'ervandosque
880 3910 1060 4008 populos.
1081 3948 1097 3979 η

533 4022 662 4099 XVII.
679 4045 741 4119 47.
763 4025 891 4099 «Nam
907 4049 1042 4099 sensus
1057 4040 1208 4100 nostros
1223 4049 1302 4101 non
1315 4049 1472 4125 parens,
