3356 5040
610 602 809 654 HORATIUS.
1164 594 1202 655 65

215 775 349 837 moriam
363 772 506 853 magistri
521 782 611 852 grato
633 790 808 853 prosequor
828 771 956 847 animo),
974 790 1009 833 ea
1032 783 1203 853 quaesunt

212 861 327 953 scripta
353 873 435 934 tueri
459 873 565 933 conati
581 882 655 932 sunt
674 887 680 932 :
699 882 735 932 ut
756 868 861 930 adhuc
881 869 941 930 sub
962 868 1066 931 iudice
1086 869 1124 931 lis
1150 871 1201 933 sit.

212 975 374 1044 Attamen,
398 970 519 1033 totilla
542 971 699 1052 totiesque
720 969 850 1049 repetita
884 979 1078 1031 tentamenta
1098 988 1204 1031 nonne

211 1088 329 1151 magno
345 1081 420 1132 sunt
435 1082 634 1150 argumento,
651 1066 773 1150 aliquid
794 1068 828 1128 in
850 1066 899 1128 his
919 1067 1062 1128 versibus
1081 1066 1203 1129 claudi·

211 1175 304 1233 caret
332 1171 478 1233 Primum
504 1170 648 1231 mirabile
674 1166 765 1244 illud,
793 1165 881 1247 quod
907 1164 1033 1240 dicitur,
1050 1167 1112 1227 alia
1141 1165 1203 1227 alio

210 1279 351 1350 tempore
380 1269 466 1330 nasci
495 1268 581 1343 folia,
611 1285 756 1349 quaeque
781 1266 869 1346 prius
894 1276 968 1326 nata
994 1265 1066 1336 sint,
1089 1265 1203 1345 prima

211 1367 327 1429 cadere
340 1390 348 1430 :
361 1366 446 1429 unde
458 1368 624 1428 novimust
639 1367 711 1448 quis
725 1364 786 1425 hoc
800 1362 898 1425 viditt
912 1361 1000 1444 quod
1015 1363 1049 1424 in
1063 1362 1202 1424 homini·

212 1466 283 1537 bus,
314 1464 400 1548 quod
429 1468 464 1528 in
491 1464 654 1526 vocabulis
682 1483 748 1525 non
777 1482 838 1524 usu
863 1463 968 1523 venire
1003 1474 1202 1543 compertum

209 1565 375 1639 habemus,
392 1564 425 1627 id
440 1584 506 1646 quo
522 1576 615 1645 pacto
639 1562 811 1645 praedicari
830 1561 869 1623 de
883 1561 967 1623 foliis
978 1572 1093 1642 potest.
1110 1564 1202 1644 quasi

209 1665 250 1728 sit
264 1666 345 1727 inter
356 1685 392 1727 ea
403 1664 564 1727 distinctio
579 1662 737 1746 quaedam
752 1661 920 1738 natalium,
939 1680 996 1723 nec
1011 1673 1123 1724 cuncta
1139 1661 1201 1724 fere

209 1761 315 1839 simul,
343 1781 414 1823 vere
438 1763 578 1837 ineunte,
606 1765 839 1842 gemmascantt
867 1761 904 1823 In
930 1780 967 1822 eo
995 1772 1062 1824 tam
1088 1760 1202 1824 diserte

207 1858 364 1940 descripto
376 1860 524 1922 natalicio
536 1858 696 1940 praedicto
708 1861 780 1941 quis
796 1879 861 1920 non
873 1857 1029 1921 desiderat
1041 1861 1198 1940 poeticum

206 1958 286 2021 illud
308 1960 412 2020 nescio
439 1958 517 2042 quid
537 1970 567 2021 et
587 1957 745 2048 ἠεροειδὲς,
761 1958 849 2041 quod
879 1959 985 2021 Baron
1011 1959 1072 2020 sibi
1097 1957 1201 2021 videre

206 2059 292 2121 visus
309 2064 373 2121 est?

248 2157 322 2232 Sed,
347 2169 382 2220 ut
404 2157 483 2218 levia
500 2159 562 2218 sint
577 2157 642 2231 illa,
659 2156 720 2217 hoc
736 2157 863 2236 gravius
879 2168 936 2231 est,
954 2157 1042 2239 quod
1064 2159 1108 2219 ita
1129 2177 1198 2220 sen-

207 2258 322 2319 tentiae
348 2256 491 2318 membra
517 2267 591 2318 sunt
617 2254 781 2336 disposita,
805 2267 840 2318 ut
865 2275 922 2316 nec
947 2275 1021 2316 cum
1046 2258 1198 2336 proximis

206 2357 368 2418 sententiis
394 2356 592 2424 cohaereant,
621 2373 722 2436 neque
748 2356 816 2434 ipsa
844 2354 904 2415 sibi
928 2356 1004 2417 satis
1027 2367 1196 2419 constent:

204 2474 234 2515 v.
254 2456 358 2534 5859,
376 2473 460 2516 nova
475 2453 682 2534 proferuntur
697 2453 870 2528 vocabula;
888 2473 919 2514 v.
938 2455 988 2528 50,
1006 2456 1058 2529 61,
1075 2464 1198 2516 vetusta

202 2552 277 2614 folia
292 2551 428 2626 cadunt;
445 2572 475 2615 v.
498 2555 550 2625 62,
573 2570 658 2613 nova
678 2549 791 2612 florent
815 2551 990 2625 vocabula;
1007 2572 1037 2615 v.
1055 2554 1106 2624 63,
1126 2572 1196 2634 sqq.

200 2652 309 2725 morti,
326 2652 407 2713 sicut
429 2671 499 2723 nos,
516 2649 671 2711 vocabula
696 2647 863 2712 debentur.
893 2650 958 2712 Ubi
986 2669 1034 2712 res
1059 2652 1140 2714 inter
1165 2671 1197 2714 se

203 2763 399 2830 praepostere
422 2748 501 2811 adeo
524 2749 696 2829 excipiunt,
722 2768 787 2809 non
810 2751 992 2830 agnoscitur
1007 2749 1128 2812 ordinis
1143 2751 1196 2812 illa

203 2860 234 2909 et
258 2849 358 2909 virtus
384 2857 414 2908 et
440 2866 549 2908 venus.
569 2848 685 2908 Dices:
706 2849 850 2909 Homero
868 2848 947 2909 duce
966 2868 1042 2909 usus
1065 2863 1123 2925 est,
1140 2853 1196 2932 qui

204 2947 389 3007 sententiam
406 2947 450 3006 ita
465 2945 631 3025 disposuit.
656 2981 696 2990 -
720 2948 762 3008 Et
783 2959 864 3008 recte
880 2948 917 3022 is,
935 2949 991 3028 qui
1003 2948 1047 3008 nil
1064 2949 1195 3011 molitur

207 3046 312 3124 inepte
340 3065 347 3104 ε
374 3041 460 3123 apud
489 3042 580 3104 illum
609 3043 705 3114 enim,
733 3042 922 3105 adolescenti
947 3046 1152 3125 interrogato,
1176 3067 1195 3106 a

206 3143 400 3224 quibusnam
434 3152 514 3203 esset
545 3141 713 3213 oriundus,
743 3142 900 3202 maiorum
927 3143 1013 3222 prius
1042 3161 1100 3222 par
1130 3155 1196 3205 erat

206 3389 315 3439 volume
330 3404 377 3438 sur
394 3403 423 3438 ce
441 3403 511 3440 vers.
528 3387 635 3437 Chacun
655 3387 702 3436 des
718 3396 787 3437 mots
805 3387 869 3452 qu'il
881 3387 1012 3439 renferme
1024 3405 1039 3439 a
1051 3389 1091 3440 dte‘
1103 3391 1193 3453 altere,

206 3469 373 3530 transforma,
391 3468 499 3537 deplace
515 3485 563 3535 par
580 3469 618 3518 les
636 3479 867 3519 commentateurs,
889 3471 1026 3537 Pourquoi
1039 3473 1108 3523 donc
1119 3483 1192 3524 tour-

207 3561 308 3602 menter
319 3569 362 3603 ces
373 3555 522 3620 gracieuses
541 3555 650 3619 images‚
668 3567 721 3617 que
739 3552 763 3602 le
779 3553 844 3619 gout
862 3554 1008 3620 comprend
1020 3556 1041 3603 si
1055 3554 1114 3604 bien
1127 3557 1192 3606 dans

205 3635 231 3684 le
243 3648 328 3700 vague
339 3636 453 3686 aimable
464 3635 498 3684 de
515 3635 573 3685 leur
590 3636 742 3700 expression
750 3636 791 3686 i...
806 3636 975 3690 Maintenant,
990 3651 1120 3701 proposez
1131 3653 1193 3688 avec

205 3717 245 3768 les
262 3727 511 3769 commentateurs:
534 3717 569 3766 Ut
583 3717 657 3782 folia
680 3719 707 3766 in
729 3716 824 3783 sylvas,
843 3721 872 3766 ut
888 3716 974 3782 sylvas
989 3717 1073 3783 folia,
1090 3722 1192 3786 privos,

205 3802 348 3858 mutentur,
369 3797 514 3860 nudantur,
543 3798 695 3861 viduantur,
715 3801 809 3866 pronis
829 3801 856 3848 in
879 3802 966 3860 annia,
983 3802 1063 3866 μῆνα
1084 3801 1192 3865 cadunt,

202 3884 292 3948 prima
304 3879 404 3930 cadunt
414 3883 452 3930 ita
471 3881 618 3943 verborum,
635 3897 704 3947 pour
717 3885 807 3948 prima
827 3882 916 3943 verba,
936 3880 1005 3932 enfin
1023 3893 1082 3933 tout
1099 3899 1128 3933 ce
1140 3899 1194 3950 que

136 3999 137 4004 ,
206 3979 274 4013 vous
294 3962 420 4022 voudrez,
440 3963 464 4028 je
482 3978 515 4012 ne
533 3964 644 4030 regardo
661 3974 719 4014 tout
739 3964 794 4014 cela
814 3980 866 4030 que
884 3980 987 4016 comme
1004 3964 1065 4028 jeux
1076 3965 1193 4032 d’esprit,

206 4046 294 4113 quand
308 4047 390 4112 esprit
400 4045 419 4094 il
430 4062 449 4112 y
461 4061 486 4107 a,
498 4047 545 4112 qui
557 4056 712 4097 consument
723 4048 873 4098 vainement
884 4063 920 4098 un
934 4057 1020 4114 temps
1032 4047 1106 4100 utile.
1120 4067 1135 4095 n
