3356 5040
582 556 857 637 imminenti.
1169 549 1208 639 '53

221 753 373 826 floruisse
391 771 448 833 pro
459 752 581 835 fuisse.
598 789 639 798 -
656 755 686 816 Is
701 763 781 817 recte
795 749 949 817 iudicasse
970 751 1050 820 mihi
1067 754 1207 832 videtum

222 859 277 922 'sed
291 861 412 922 sciacia
423 859 529 939 fuisse
542 861 583 922 ad
598 860 676 922 alias
691 860 779 925 ducit
796 859 926 925 litteras.

275 1048 291 1077 a
388 1014 469 1088 sine
502 1039 657 1089 summa
684 1040 816 1091 rerum
843 1013 1024 1091 omnium
1051 1011 1210 1093 scientia

222 1129 404 1230 claruisse
421 1131 554 1204 fateor.
577 1168 593 1199 2,

250 1246 331 1375 οΙΙ).
368 1249 419 1332 ΙΙ,
455 1249 509 1331 55,
550 1249 626 1321 125.
661 1279 677 1308 a
705 1250 816 1342 Quae
847 1247 916 1322 fuit
951 1247 1029 1334 illa,
1063 1241 1208 1347 quanta

220 1380 326 1434 vis...
350 1401 366 1429 „

263 1535 370 1597 Altera
392 1537 533 1597 occurrit
548 1535 738 1598 emendandi
752 1539 842 1609 ratio,
859 1557 952 1618 quae,
969 1520 1070 1620 quum
1086 1536 1208 1618 simpli·

219 1635 286 1694 cior
301 1635 351 1704 sit,
369 1635 499 1696 fortasse
515 1636 620 1714 potior
634 1635 792 1698 videbitur
811 1659 818 1698 :
836 1655 948 1717 nempe
963 1649 1036 1716 post
1051 1636 1111 1697 itta
1141 1634 1208 1698 fieri

222 1735 327 1812 potuit
342 1745 377 1794 ut
392 1745 585 1814 premeretur
599 1733 660 1796 elo.

274 1924 290 1953 a
304 1894 382 1966 Pro
396 1889 435 1964 di
449 1889 858 1988 immortales‚quanta
868 1889 940 1964 fuit
954 1889 1019 1964 iiia
1032 1897 1207 1987 eloquen-

219 2007 300 2080 tiae
316 2005 420 2079 vis...
446 2043 462 2072 a

270 2122 553 2206 ORAT.3,1.o
586 2151 630 2191 a.
640 2119 743 2194 ..sic
761 2119 946 2216 perfectae
965 2111 1207 2216 eloquentiae

218 2234 385 2333 speciem
429 2234 563 2309 animo
606 2234 807 2319 videmus,
846 2233 1009 2330 effigiem
1045 2233 1207 2308 auribus

219 2349 457 2448 quaerimus,
483 2387 498 2416 η

263 2525 367 2586 Locus
392 2537 438 2586 est
463 2523 654 2606 perdifficilis
682 2544 689 2582 :
719 2524 899 2587 Platonicas
921 2523 1005 2585 enim
1030 2523 1100 2585 illas
1127 2509 1206 2596 ἰδέας

219 2623 334 2686 fatetur
349 2625 460 2688 Cicero
486 2644 551 2687 esse
576 2625 807 2698 subobscuram
831 2643 888 2685 nec
908 2641 1100 2703 magnopere
1115 2621 1205 2695 mihi,

219 2742 300 2805 quae
315 2724 435 2803 scripsi,
453 2723 587 2804 placent.
610 2725 731 2805 Utique
752 2722 888 2806 effigiem
910 2722 1071 2784 auribus
1091 2720 1208 2803 quaeri

218 2841 284 2883 non
310 2823 410 2902 magis
439 2841 531 2902 posse
558 2833 649 2902 puto,
678 2841 774 2904 quam
801 2842 916 2883 sonum
942 2833 972 2884 et
993 2840 1084 2883 voces
1106 2819 1207 2882 oculis

217 2921 346 3002 percipi.
370 2919 421 2980 Ad
444 2922 586 3000 proxima
609 2932 717 2983 autem
734 2921 895 2983 Ciceronis
910 2919 1043 2981 verba
1020 2939 1046 2980 si
1062 2919 1206 2980 animum

218 3017 436 3082 attendimus:
455 3017 512 3080 ille
527 3017 654 3099 artifex
673 3038 771 3101 quum
780 3018 940 3100 faceret
960 3018 1048 3080 Iovis
1058 3001 1206 3098 formam

220 3128 278 3180 aut
288 3109 508 3178 Minervae
470 3117 657 3196 -species,
664 3136 776 3199 quam
788 3117 939 3178 intuens
946 3116 1009 3177 ad
1019 3115 1150 3176 illius
1119 3133 1209 3177 szmr

221 3215 390 3279 titudinem
406 3223 526 3275 artem
556 3223 592 3275 et
612 3233 760 3276 manum
786 3214 1040 3296 dirigebat--
1025 3199 1207 3275 -cui'usaii

220 3314 395 3396 cogitatam
416 3313 550 3392 speciem
573 3313 759 3374 imitando
778 3313 971 3396 referuntur
987 3331 1025 3374 ea
1047 3293 1207 3394 quaesiti

220 3412 369 3475 oculos
356 3430 426 3492 ipsa
451 3414 538 3490 [non]
564 3415 601 3490 (1)
628 3412 808 3474 cadunt—
824 3412 924 3475 facere
949 3433 1015 3474 non
1037 3429 1209 3493 possumus

220 3514 298 3594 quin
314 3512 510 3592 suspicemur
525 3509 676 3591 perfectae
688 3510 773 3573 iliius
784 3512 992 3595 eloquentiae,
1007 3530 1088 3593 quae
1099 3511 1209 3572 animo

219 3613 401 3693 percipitur,
432 3609 534 3691 effigie
562 3610 642 3672 nihil
674 3610 762 3672 aliud
791 3610 960 3692 significari
993 3630 1085 3692 posse
1112 3621 1208 3692 atque

220 3707 375 3770 dicentem
396 3720 554 3771 oratorem
576 3709 683 3789 ipsum
706 3730 713 3769 :
738 3709 781 3770 ita
805 3721 850 3783 ut,
868 3707 1049 3771 dubitanter
1063 3697 1205 3790 quidem,

219 3807 296 3870 haec
310 3805 351 3868 ad
366 3808 613 3869 existimantium
628 3807 795 3870 arbitrium
811 3807 947 3869 deferam
965 3825 972 3865 :

254 4019 746 4102 tui«quarantaniam...»
