3356 5040
511 620 546 682 18
795 630 843 681 ns
866 630 1017 681 uarum
1039 631 1211 692 ououuu.

558 826 574 857 u
592 793 877 895 Sempiternam
904 820 1034 871 rerum
1062 797 1281 872 futurarum
1302 798 1491 873 universi·

506 923 596 986 tem.
616 951 633 980 ν
1191 1003 1192 1009 1

553 1028 638 1103 XV.
649 1050 713 1122 41.
728 1057 744 1088 a
757 1029 884 1122 Quem
902 1026 1091 1125 Diogenes
1109 1026 1349 1128 Babylonius
1363 1053 1492 1104 conse·

505 1165 669 1241 sequens
685 1141 726 1216 in
740 1167 785 1217 eo
801 1142 899 1218 libro
914 1143 982 1242 qui
995 1142 1218 1219 inscribitur
1230 1143 1279 1218 de
1293 1143 1487 1230 Minerva,

502 1272 658 1358 partum
680 1257 784 1333 Iovis
810 1274 1019 1358 ortumque
1048 1257 1208 1357 virginis
1226 1258 1275 1333 ad
1292 1259 1490 1359 physiolo-

503 1373 605 1470 giam
624 1373 840 1460 traducens‚
867 1373 1028 1472 diiungit
1045 1399 1068 1449 a
1086 1375 1232 1449 fabula.
1253 1412 1269 1442 ,ο

542 1539 627 1602 Adn.
640 1541 710 1603 crit.
723 1575 761 1584 -
774 1541 931 1623 Deiungit
945 1540 1051 1618 codd.‚
1070 1542 1166 1615 Bait„
1181 1542 1340 1617 Schoem.,
1360 1579 1400 1588 -
1416 1544 1489 1606 Hoc

501 1637 562 1702 dici
591 1639 669 1700 mihi
697 1637 831 1715 videtur,
848 1639 937 1704 αὐτὸν
962 1637 1053 1715 οὕτως
1078 1641 1136 1704 ἀπὸ
1165 1647 1216 1704 τοῦ
1243 1638 1491 1729 μυθολογήματος

501 1739 730 1833 ἀπαλλαγῆναι.

553 1896 646 1971 «Ad
680 1894 960 1994 physiologiam
1009 1894 1228 1991 traducens,
1260 1896 1488 1993 defungitur

500 2011 643 2086 fabula.
664 2046 679 2075 n

686 2615 758 2689 DE
787 2616 1014 2692 NATURA
1044 2615 1297 2691 DEORUM.

918 2828 998 2884 LIB.
1020 2827 1062 2886 11.

547 3043 648 3116 LIV.
686 3043 765 3136 ¹34·
803 3071 819 3101 a
842 3038 1032 3115 Dentibus
1062 3054 1189 3114 autem
1223 3038 1263 3112 in
1295 3061 1362 3113 ore
1391 3062 1481 3114 con-

494 3155 646 3232 structis
674 3154 872 3232 manditur
897 3173 1012 3255 atque
1038 3167 1264 3229 extenuatur
1290 3155 1339 3228 ab
1367 3153 1414 3227 iis
1444 3169 1481 3227 et

496 3269 653 3346 molitur
682 3271 805 3346 cibus.
844 3272 993 3346 Eorum
1025 3269 1175 3344 adversi
1207 3268 1308 3344 acuti
1345 3292 1480 3343 morsu

493 3384 675 3460 dividunt
701 3409 819 3472 escas,
847 3384 973 3459 intimi
1005 3400 1133 3460 autem
1162 3383 1386 3470 conficiunt,
1411 3383 1479 3483 qui

490 3499 646 3598 genuini
665 3516 866 3577 vocantur.
887 3536 902 3565 n

533 3665 692 3745 Congesta
705 3666 764 3727 tria
776 3664 853 3726 haec
865 3683 1056 3747 synonyma,
1076 3664 1255 3738 manditur,
1270 3672 1477 3740 extenuatur,

490 3764 635 3840 molitur,
653 3784 716 3826 rem
734 3784 799 3826 non
814 3784 935 3836 ornare,
953 3763 1006 3826 sed
1021 3783 1150 3826 onerare
1171 3762 1327 3826 videntur.
1346 3765 1380 3827 Si
1399 3763 1478 3825 den-

489 3860 574 3923 tibus
586 3862 859 3926 commendativus
874 3883 964 3924 casus
979 3862 1146 3937 tribuetur,
1163 3863 1385 3942 grammaticae
1396 3881 1478 3943 quo·

489 3981 550 4044 que
565 3964 622 4025 erit
638 3964 753 4025 rationi
771 3961 882 4024 melius
897 3962 1092 4025 consultum.
1104 3961 1161 4043 qui
1172 3962 1309 4043 genuini
1319 3971 1478 4024 vocantur

488 4058 611 4123 videtur
633 4063 958 4141 interpretamentum.
