3356 5040
464 609 485 669 4
685 600 978 651 ACADEMICORUM
1003 601 1268 653 POSTERIORUM

462 769 712 850 praefationibus
738 769 800 831 sint
815 779 952 848 accepta,
967 787 1068 848 quum
1083 780 1192 830 contra
1207 788 1242 830 ea
1258 790 1270 825 α
1282 769 1454 850 primitiae

463 868 622 951 quaedam
638 877 668 930 et
682 868 777 949 quasi
791 867 966 928 libamenta
982 889 995 925 n
1013 865 1173 929 doctrinae
1185 871 1223 945 (r)
1241 865 1453 948 significaren-

463 966 536 1030 tur?
548 965 672 1044 Quodsi
684 965 763 1027 illud
774 964 862 1049 quod
877 985 934 1046 pro
946 964 1191 1028 laudationibus
1205 967 1325 1048 scripsi,
1341 985 1451 1029 verum

463 1069 567 1128 visum
588 1067 657 1131 erit.
683 1065 805 1144 parebit
821 1084 919 1146 quare
935 1064 1048 1138 Varro,
1062 1083 1259 1146 quamquam
1275 1085 1452 1127 sermonem

464 1168 601 1246 patrium
626 1183 740 1245 augere
773 1164 910 1237 volebat,
941 1182 1086 1244 graecum
1112 1164 1317 1245 prooemium
1336 1163 1454 1245 prolu-

461 1265 547 1326 sioni
561 1264 628 1340 (Or.
648 1263 691 1324 ll.
709 1263 762 1326 80.
782 1263 849 1339 325)
866 1262 1058 1325 antetulerit.

515 1442 531 1470 a
619 1407 853 1484 iucunditate
872 1407 1045 1507 quadam
1066 1408 1114 1482 ad
1130 1408 1336 1506 legendum
1356 1409 1453 1484 invi-

463 1528 632 1602 tavimus
649 1525 913 1599 allusionibus
930 1553 937 1599 :
956 1525 995 1600 in
1013 1525 1119 1600 libris
1136 1525 1229 1623 ipsis
1248 1524 1452 1624 antiquita-

463 1658 545 1716 tum
556 1640 819 1740 philosophiae
828 1638 1447 1738 prooemiascriberevoluimus.„

515 1759 580 1832 lV.
618 1761 669 1833 15.
708 1759 915 1832 “Socrates
943 1755 1038 1830 mihi
1068 1756 1219 1830 videtur
1250 1755 1448 1855 primus...

462 1871 798 1970 philosophiam...
821 1870 869 1946 ad
896 1871 1016 1946 vitam
1048 1895 1301 1946 communem
1330 1869 1451 1945 addu-

461 1986 560 2060 xisse
591 2001 633 2060 ut
664 1986 711 2061 de
742 1986 949 2061 virtutibus
982 2002 1016 2060 et
1047 1985 1198 2059 vitiis...
1236 1997 1448 2082 quaereret,

461 2100 637 2178 caelestia
656 2115 785 2176 autem
805 2102 865 2174 vel
884 2102 1018 2199 procul
1039 2125 1120 2176 esse
1139 2124 1160 2174 a
1180 2117 1310 2174 nostra
1325 2097 1451 2197 cogni·

461 2215 564 2290 tione
590 2233 772 2301 censeret,
801 2218 875 2301 vel,
905 2215 936 2290 si
956 2218 1123 2292 maxime
1141 2216 1290 2312 cognita
1309 2229 1448 2304 essent,

463 2329 559 2404 nihil
578 2346 707 2405 tamen
725 2331 774 2405 ad
796 2333 892 2406 bene
918 2331 1144 2408 vivendum.
1169 2331 1244 2408 Hic
1266 2331 1304 2405 in
1323 2329 1451 2405 omni-

464 2447 534 2520 bus
554 2447 631 2521 iere
644 2447 936 2522 sermonibus...
961 2448 1011 2523 ita
1030 2448 1243 2546 disputat...
1266 2486 1281 2514 n

501 2647 542 2656 —
568 2611 653 2674 Adn.
681 2614 749 2674 crit.
780 2635 793 2670 r
813 2613 931 2675 Valere
951 2614 996 2675 ad
1018 2614 1096 2676 bene
1115 2615 1295 2690 vivendum,
1323 2612 1448 2684 Halm,

459 2711 612 2792 conferre
633 2711 697 2786 alii,
731 2711 785 2772 alii
800 2711 933 2793 facere.
961 2747 1002 2760 -
1036 2714 1131 2776 Recte
1155 2715 1211 2794 qui
1233 2722 1450 2794 apposuerunt

459 2809 581 2883 facere,
587 2808 618 2871 id
630 2822 736 2873 autern
752 2810 826 2873 latet
839 2813 872 2871 in
883 2812 1038 2874 vocabulo
1051 2825 1123 2893 post
1134 2812 1304 2874 vivendum
1317 2812 1448 2891 scripto.

458 2908 498 2970 In
516 2910 708 2990 praepositio
723 2929 788 2971 non
810 2923 856 2972 est
878 2913 1075 2973 necessaria:
1094 2913 1186 2976 Caes.
1213 2912 1292 2974 Bell.
1316 2911 1376 2972 civ.
1402 2909 1447 2980 il,

465 3027 511 3088 17,
528 3005 557 3068 3.
574 3028 587 3065 α
601 3008 698 3068 Haec
709 3006 856 3069 omnibus
856 3006 994 3089 ferebat
1003 3010 1213 3072 sermonibus.
1222 3033 1235 3068 n
1253 3010 1304 3074 cf.
1320 3011 1446 3087 Menge.

462 3101 572 3182 Repet.
589 3106 608 3180 ἓ
624 3102 694 3164 333.
714 3103 876 3164 Praeterea
888 3103 1108 3167 subiunctivus
1123 3115 1267 3168 censeret
1276 3126 1313 3168 ex
1327 3120 1450 3170 antece-

459 3197 551 3262 dente
562 3210 735 3281 quaereret
746 3213 839 3264 natus
861 3213 925 3276 est;
942 3205 1056 3264 etenim
1080 3224 1136 3265 nec
1153 3205 1295 3269 Socrates
1312 3210 1449 3290 philoso-

459 3299 567 3379 phiam
596 3299 728 3363 adduxit
757 3301 798 3362 ad
820 3303 917 3363 vitam
939 3322 1140 3365 communem
1165 3315 1200 3366 ut
1221 3321 1373 3388 censeret,
1392 3333 1449 3376 nec

460 3406 495 3458 ut
509 3410 612 3480 potest
627 3396 720 3460 finale
735 3411 765 3462 et
780 3399 863 3462 idem
878 3404 1112 3464 consecutivum
1129 3423 1206 3468 esse.

512 3582 528 3612 a
612 3561 655 3622 ut
672 3547 720 3622 de
738 3547 947 3624 virtutibus
964 3565 999 3623 et
1012 3548 1115 3624 vitiis
1128 3573 1349 3650 quaereret;
1367 3584 1449 3635 cae-

460 3662 565 3738 lestia
578 3678 707 3738 autem
722 3665 783 3738 vel
798 3665 932 3763 procul
946 3689 1026 3740 esse
1046 3691 1069 3740 a
1085 3684 1216 3742 nostra
1225 3671 1447 3767 ’cognitione

457 3780 642 3867 censebat,
661 3780 722 3852 vel
750 3777 782 3852 si
810 3779 978 3853 maxime
1002 3780 1152 3877 cognita
1179 3799 1316 3872 essent,
1348 3788 1446 3868 nihil

488 4025 523 4088 (ι)
541 4025 572 4078 Α.
585 4024 653 4079 Geli.
670 4023 754 4079 Praei.
772 4025 809 4077 13.
