3356 5040
477 524 511 584 16
761 529 808 580 DE
831 528 981 579 NATURA
1004 527 1174 579 DEORUM.

514 706 621 781 Atque
644 698 740 780 paulo
762 697 843 759 infra
864 696 974 757 malim
998 719 1005 757 :
1031 715 1157 777 «quum
1181 715 1253 776 pars
1274 715 1380 757 earum
1404 693 1459 758 ad-

471 799 565 881 pulsu
581 797 656 859 solis
671 797 896 872 exaruerit‚...
911 818 925 855 u

520 933 568 1005 Χ.
591 932 648 1004 25.
679 932 804 1026 Atque
832 928 927 1000 haec
958 924 1118 1023 quidem
1146 942 1284 1012 vestra,
1317 925 1456 1002 Lucili.

471 1046 615 1143 Qualia
632 1070 724 1119 vero
741 1046 769 1141 †
787 1061 855 1127 est,
877 1044 925 1118 ab
944 1040 1085 1116 ultimo
1103 1057 1270 1139 repetam
1288 1041 1460 1140 superio-

471 1187 573 1236 rum.
595 1198 610 1227 n

511 1310 595 1372 Adn.
610 1311 677 1371 crit.
692 1344 730 1352 —
748 1308 870 1384 Qualia
884 1325 960 1368 vero
972 1306 1041 1367 alia
1051 1306 1118 1367 siut
1128 1304 1225 1367 deter.
1238 1304 1344 1380 codd..
1360 1307 1455 1380 Bait.

470 1419 577 1470 cetera
591 1409 658 1469 sint
674 1407 821 1470 Schoem.
840 1405 924 1467 Mihi
947 1416 1028 1466 recte
1042 1403 1167 1465 videtur
1190 1402 1358 1466 Heindorf.
1374 1403 1457 1466 indi-

470 1527 556 1569 casse
574 1530 580 1569 :
599 1507 675 1568 Non
690 1518 756 1568 tarn
772 1505 834 1565 leni
847 1507 879 1565 in
892 1504 941 1565 his
956 1502 1127 1582 defungare
1142 1502 1295 1564 medela.»
1306 1540 1344 1550 -
1355 1503 1457 1565 Immo

471 1606 588 1667 leniore
606 1625 612 1665 :
630 1604 670 1666 cI.
690 1607 728 1680 ἐξ
745 1604 782 1664 36
803 1624 810 1665 :
828 1613 863 1663 ut
885 1603 950 1663 iam
963 1602 1007 1663 ad
1017 1611 1149 1676 vestros,
1166 1603 1279 1678 Balbe,
1296 1604 1422 1664 veniam
1441 1626 1455 1662 »r

471 1717 502 1768 et
518 1706 555 1769 58
574 1724 580 1762 ι
599 1703 779 1766 «ornatius
794 1721 891 1783 quam
906 1703 1010 1763 solent
1024 1703 1134 1763 vestri.
1153 1725 1166 1760 i

523 1867 539 1897 a
558 1840 681 1933 Atque
700 1834 794 1908 haec
816 1832 975 1931 quidem
1002 1833 1130 1922 vestri,
1154 1831 1305 1920 Lucili;
1326 1833 1458 1932 qualia

471 1975 565 2025 vero
584 1950 736 2036 caeteri,
758 1949 807 2022 ab
828 1947 966 2021 ultimo
982 1964 1150 2045 repetam
1166 1947 1426 2046 superiorum.
1440 1987 1456 2016 s

521 2067 591 2140 XI.
627 2067 685 2139 28.
722 2064 864 2136 «Tum
907 2062 1180 2161 Xenophanes,
1220 2062 1287 2161 qui
1336 2079 1461 2139 mente

474 2179 653 2255 adiuncta
668 2202 785 2252 omne
799 2177 1117 2275 praeterea‚quod
1135 2195 1231 2253 esset
1246 2177 1457 2264 infinitum,

474 2294 591 2369 deum
610 2292 731 2367 voluit
749 2317 843 2367 esse.
869 2329 884 2356 n

514 2463 646 2524 Aristot.
666 2459 807 2540 Metaph.
829 2460 853 2523 I.
880 2461 908 2521 5.
933 2459 1005 2541 986.
1024 2458 1055 2520 b.
1084 2459 1284 2551 «Ξενοφάνης
1308 2459 1337 2525 δὲ
1420 2462 1461 2536 είς

471 2563 521 2626 τὸν
546 2561 614 2627 ὅλον
638 2561 760 2650 οὐρανὸν
787 2559 962 2648 ἀποβλέψας
991 2560 1025 2624 τὸ
1049 2557 1076 2624 ἓν
1100 2557 1177 2623 εἶναί
1193 2582 1265 2647 φησι
1281 2556 1331 2623 τὸν
1351 2559 1458 2624 θεόν.»

473 2668 573 2731 Acad.
592 2670 634 2743 II,
661 2669 709 2751 37,
732 2670 798 2730 118.
822 2667 1077 2748 Xenophanes...
1102 2686 1201 2728 unum
1226 2684 1291 2728 esse
1311 2667 1459 2729 omnia...

472 2777 504 2829 et
516 2767 551 2828 id
561 2786 627 2830 esse
640 2767 747 2828 deum.
767 2789 783 2823 ›>
800 2765 851 2830 cf.
869 2765 951 2828 infra
967 2765 1077 2827 Divin.
1097 2766 1122 2835 I.
1142 2767 1171 2838 3,
1194 2767 1223 2828 5.

526 2929 542 2958 α
566 2900 673 2972 Tum
703 2897 977 2993 Xenophanes¹
1015 2895 1083 2994 qui
1119 2911 1246 2971 mente
1281 2895 1461 2973 adiuncta

473 3037 608 3099 unum,
630 3028 824 3110 praeterea
842 3010 948 3110 quod
968 3027 1065 3085 esset
1092 3009 1307 3098 infinitum,
1341 3012 1459 3087 deum

472 3127 595 3203 voluit
613 3151 707 3213 esse,
727 3163 743 3192 n

522 3243 635 3318 XIII.
657 3243 711 3317 33.
743 3272 759 3303 u
779 3243 879 3317 Cum
906 3258 1036 3316 autem
1061 3248 1144 3316 sine
1169 3267 1331 3343 corpore
1353 3243 1457 3318 idem

473 3361 556 3435 vult
572 3384 652 3434 esse
667 3358 799 3443 deum,
810 3357 918 3433 omni
933 3359 1046 3433 illum
1064 3384 1178 3434 sensu
1194 3359 1329 3457 privat,
1341 3359 1456 3436 etiam

474 3472 693 3573 prudentia.
711 3475 802 3567 Quo
822 3497 940 3572 porro
968 3473 1087 3548 modo
1111 3473 1206 3548 deus
1225 3473 1371 3549 moveri
1399 3499 1461 3550 ca-

474 3611 563 3661 rens
580 3611 739 3686 corpore
753 3602 820 3661 aut
834 3613 915 3686 quo
931 3589 1050 3664 modo
1070 3613 1220 3687 semper
1240 3615 1279 3664 se
1299 3614 1460 3664 movens

474 3726 555 3775 esse
573 3701 727 3800 quietus
745 3717 780 3776 et
800 3702 932 3776 beatus
950 3709 1102 3802 potest?
1120 3743 1135 3772 n

517 3849 603 3913 Adn.
620 3852 688 3914 crit.
715 3885 757 3896 -
783 3850 931 3914 Mundus
949 3852 1072 3913 moveri
1096 3850 1208 3926 codd.;
1235 3853 1313 3915 deus
1338 3854 1461 3916 moveri

477 3949 640 4024 Schuetz.;
657 3950 780 4011 moveri
795 3949 929 4027 Heind.‚
947 3950 1070 4024 Madv„
1090 3951 1192 4030 Bait.;
1216 3953 1372 4014 mundum
1390 3955 1460 4014 Ινηο·

475 4065 551 4109 vere
567 4049 658 4123 Em..
676 4049 822 4112 Schoem.
839 4083 879 4096 -
