3356 5040
477 536 515 596 56
765 541 1028 595 ADDITAMENTA

521 745 537 774 a
561 769 618 798 ...‚
642 709 806 809 effigiem
827 711 867 784 in
890 711 1023 786 rostris
1040 714 1232 787 cernimus
1249 713 1310 808 (ι).
1336 752 1352 780 „

523 830 661 903 Episr.
687 846 742 901 AD
769 830 934 901 DrerS.
958 828 1011 913 ΙΙ,
1030 851 1070 922 4,
1104 853 1134 902 1.
1155 859 1171 888 α
1192 826 1458 925 Epistolarum

473 967 610 1042 genera
630 942 753 1017 multa
769 966 849 1016 esse
864 966 944 1017 non
960 941 1124 1039 ignoras,
1141 942 1206 1016 sed
1222 966 1349 1016 unum
1364 940 1459 1017 illud

472 1056 791 1153 †certissimum‚
818 1055 930 1131 cuius
954 1080 1070 1131 causa
1102 1056 1255 1131 inventa
1288 1080 1347 1129 res
1377 1055 1461 1156 ipsa

474 1166 541 1260 est,
560 1188 602 1246 ut
620 1171 800 1247 certiores
819 1172 1032 1246 faceremus
1050 1173 1269 1246 absentes...
1294 1207 1311 1237 n

518 1339 739 1402 Certissimum
756 1349 834 1420 puto
849 1336 1037 1400 metathesin
1052 1355 1129 1411 esse,
1146 1355 1243 1417 quam
1257 1334 1344 1398 dedit
1359 1336 1462 1416 proxi·

475 1455 564 1499 mum
580 1436 744 1498 certiores.

527 1615 543 1644 a
634 1580 700 1656 sed
718 1606 843 1656 unum
864 1579 960 1655 illud
980 1580 1280 1655 rectissimum...
1305 1617 1322 1648 ω

528 1698 584 1772 lb.
610 1732 625 1760 a
643 1695 762 1794 Atqui
786 1696 826 1770 in
856 1697 930 1772 hoc
953 1718 1089 1793 genere
1112 1695 1206 1769 haec
1232 1719 1317 1769 mea
1344 1718 1461 1769 causa

475 1828 541 1899 est,
571 1827 613 1886 ut
640 1836 762 1910 neque
787 1836 846 1898 ea,
866 1835 965 1908 quae
994 1812 1115 1886 sentio
1141 1811 1306 1884 audeam
1336 1834 1461 1909 neque

474 1953 533 2014 ea,
554 1952 654 2026 quae
674 1950 751 2000 non
772 1927 908 2013 sentio,
924 1925 1041 2000 velim
1062 1924 1238 2000 scribere.
1264 1962 1283 1993 »

515 2095 630 2175 Neque
643 2112 682 2155 ea
697 2093 894 2174 quaerentia
910 2093 1048 2155 audeam
1063 2091 1137 2156 add.
1157 2091 1267 2155 Madv.

526 2271 543 2299 a
653 2254 694 2312 ut
726 2262 911 2335 nequeam
952 2261 1052 2335 quae
1083 2262 1160 2312 non
1192 2239 1330 2324 senti0‚
1363 2261 1461 2336 quae

472 2353 594 2430 sentio
613 2352 733 2428 nolim
752 2351 930 2427 scribere.
956 2390 972 2419 η

526 2479 599 2552 ΙΙΙ.
623 2501 678 2565 12,
707 2502 738 2551 1.
764 2511 780 2540 a
865 2501 1024 2576 quoque
1051 2477 1162 2576 plura
1179 2477 1340 2565 virtutis,
1359 2477 1387 2572 †
1405 2474 1460 2550 in·

472 2591 642 2667 dustriae
667 2591 706 2666 in
731 2605 766 2666 te
790 2607 1018 2666 ornamenta
1042 2609 1144 2679 sunt,
1171 2618 1215 2667 eo
1234 2591 1459 2668 mirandum

474 2723 529 2783 est
547 2707 715 2805 magis...
739 2745 755 2774 η

426 2861 430 2868 ·
527 2853 543 2883 a
628 2847 786 2920 quoque
805 2823 921 2921 plura
942 2821 1092 2896 virtutis
1119 2847 1166 2897 ac
1194 2823 1392 2898 doctrinae
1419 2821 1459 2896 in

474 2953 509 3014 te
526 2952 757 3013 ornamenta
775 2955 910 3013 sunt...
935 2977 951 3006 ῃ

526 3056 593 3130 lv.
615 3055 649 3141 3,
670 3077 710 3149 4.
735 3087 751 3116 α
833 3053 1011 3152 mihique
1025 3054 1074 3128 ab
1090 3078 1134 3127 eo
1151 3053 1268 3150 gratia
1287 3053 1459 3138 refertur,

475 3167 516 3242 in
549 3193 628 3267 quo
660 3167 723 3243 ille
754 3167 956 3254 existimat,
989 3167 1096 3266 quod
1127 3169 1235 3243 facile
1265 3182 1460 3269 appareat,

474 3283 646 3382 †quum
670 3308 733 3358 me
758 3286 858 3359 colat
882 3300 916 3358 et
945 3285 1134 3365 observet.
1162 3283 1229 3359 tibi
1248 3307 1404 3385 quoque
1422 3281 1461 3357 in

475 3421 521 3470 eo
540 3422 579 3471 se
598 3397 721 3473 facere
739 3397 1015 3494 gratissimum.
1041 3434 1056 3463 n

528 3542 545 3572 κ
634 3511 674 3587 in
694 3537 774 3610 quo
794 3513 857 3586 iile
880 3511 1081 3598 existimat,
1102 3512 1208 3611 qnod
1226 3511 1336 3587 facile
1353 3515 1461 3608 ause·

476 3637 641 3712 relate,
663 3650 790 3726 quum
810 3651 871 3701 me
889 3629 1034 3702 colat...
1058 3667 1075 3696 „

509 3839 544 3904 (r)
563 3839 671 3905 Brutus,
681 3839 722 3900 82,
739 3839 796 3894 283.
809 3842 906 3906 «sora,
925 3845 978 3892 cui
991 3847 1067 3892 nata
1083 3848 1123 3894 est
1137 3843 1317 3910 eloquentia...
1330 3861 1345 3891 >³
1357 3843 1465 3894 Succur-

476 3933 546 3974 terat
563 3924 643 3975 etiam
664 3922 818 3990 :ueffigiem
835 3924 958 3975 orando
975 3940 1120 3976 creamus
1138 3945 1163 3988 »ς
1182 3925 1247 3976 nihil
1265 3940 1358 3994 urgeo,
1373 3925 1462 3977 iocum

475 4014 579 4056 tantum
603 4015 695 4057 notare
718 4007 806 4069 volui;
829 4022 892 4057 nam
914 4023 1008 4059 vereor
1030 4024 1063 4059 ne
1083 4023 1146 4059 vera
1175 4006 1238 4058 fiant
1267 4023 1338 4075 quae
1364 4009 1462 4060 Seneea

477 4087 529 4156 Ep.
542 4087 575 4140 88
587 4089 705 4156 scripsit:
717 4090 834 4157 Apparet
842 4089 909 4140 nihil
920 4089 1017 4142 horum
1031 4106 1088 4141 esse
1099 4094 1126 4140 in
1138 4091 1193 4152 ilio,
1207 4093 1249 4141 cui
1261 4093 1352 4142 omnia
1363 4093 1460 4142 insunt.
