3356 5040
648 559 841 612 1115011111.
1200 550 1238 630 57

290 733 345 792 ΑΙ)
360 733 487 792 ATTIC.
504 728 564 792 XI.
582 752 612 812 7.
631 751 656 791 1.
672 728 724 791 Ad
739 748 872 810 ea‚quae
884 747 955 811 pag.
969 731 1007 792 5ο
1021 731 1134 811 scripta
1150 743 1235 804 sunt,

248 830 308 891 hoc
333 827 515 890 addendum
538 840 584 890 est
604 829 637 888 in
659 827 753 889 codd.
776 846 868 890 esse:
887 849 900 885 ιι
921 847 1005 909 quae
1019 827 1064 888 ad
1081 848 1132 890 me
1151 828 1237 890 arbi-

248 937 354 989 tratus
368 936 415 989 est
428 946 466 988 ea
482 925 609 1006 factum
626 926 729 1007 igitur
744 949 757 986 11
774 938 805 988 et
821 947 834 984 1
851 945 884 987 es
899 925 1089 1007 teafactum
1105 950 1131 1006 1,
1149 926 1237 1009 quod

243 1045 334 1088 nunc
348 1027 487 1107 primum
506 1044 543 1086 ex
558 1026 711 1108 Wesenb.
735 1025 812 1086 edit.
836 1043 1022 1104 cognoscere
1036 1027 1138 1106 potui.
1158 1026 1238 1089 Scri·

249 1123 390 1186 bendum
405 1125 502 1204 igitut
517 1137 607 1204 pute,
622 1122 731 1187 addito
746 1143 811 1186 uno
826 1124 921 1185 verbo
939 1146 947 1186 ε

300 1301 318 1331 «ι
406 1267 614 1345 arbitratus
633 1294 687 1343 es,
709 1271 779 1344 Sat
791 1273 964 1360 facetum
985 1272 1027 1344 id
1043 1282 1142 1346 est...
1168 1310 1183 1339 „

600 1603 891 1680 MISCELLA.

298 1831 494 1902 ARlsToT.
528 1824 591 1897 De
616 1825 715 1898 Arte
736 1836 842 1924 poet.
877 1829 985 1922 1450.
1006 1852 1041 1901 a.
1077 1852 1131 1925 17.
1152 1833 1238 1926 (1)ὴ

248 1943 309 2034 γὰρ
325 1939 478 2032 τραγῳδία
495 1941 626 2027 μίμησίς
645 1937 725 2005 ἐστιν
746 1940 799 2004 ούκ
818 1941 992 2032 ἀνθρώπων,
1011 1941 1093 2007 ἀλλὰ
1108 1944 1239 2035 πράξεως

249 2049 302 2114 καί
315 2048 381 2136 βίον
398 2044 646 2134 κακοδαιμονίας.
670 2076 684 2104 ιι

293 2201 344 2265 cf.
364 2203 507 2283 Metaph.
534 2204 621 2264 1015.
646 2221 675 2263 a.
697 2221 748 2285 27.
767 2203 830 2267 «τὸ
858 2205 916 2294 γὰρ
945 2203 1044 2290 βίαιον
1072 2211 1237 2300 ἀναγκαῖον

251 2299 432 2394 λέγεται-διὸ
458 2303 627 2391 λυπηρόν...
653 2300 752 2393 ὥσπερ
776 2303 827 2366 καί
850 2300 1003 2389 Σοφοκλῆς
1025 2301 1103 2397 λέγει
1132 2304 1236 2370 «ἀλλ’

250 2409 268 2484 ἡ
282 2407 337 2494 βία
350 2433 387 2496 με
402 2409 487 2473 ταῦτ’
500 2407 662 2498 ἀναγκάζει
678 2411 781 2474 ποιεῖν.
798 2441 811 2478 1

297 2585 310 2621 1
333 2613 386 2651 ...,
400 2563 482 2630 ἀλλὰ
494 2561 626 2657 πράξεως
639 2565 692 2630 καί
707 2566 808 2654 βιαίου
823 2564 1068 2654 κακοδαιμονίας.
1091 2593 1104 2630 1

265 2771 268 2778 .
302 2720 359 2794 lb,
387 2725 494 2816 1451,
516 2746 552 2798 a,
574 2723 607 2797 8,
637 2747 650 2784 1
676 2723 760 2812 Πρὸς
790 2721 956 2813 κλεψύδρας
985 2724 1021 2789 ἄν
1045 2727 1237 2814 ἠγωνίζοντο,

249 2828 348 2916 ὥσπερ
366 2829 438 2892 ποτὲ
453 2831 505 2892 καί
523 2825 631 2892 ἄλλοτέ
647 2851 751 2915 φασιν.
774 2852 787 2890 1

296 2959 309 2996 1
325 2941 377 3002 καί
393 2932 501 2999 ἄλλοτε
517 2941 662 2999 ποιοῦσιν.
687 2958 700 2994 11

302 3045 360 3122 lb.
386 3042 492 3137 1453.
514 3064 549 3114 a.
578 3062 634 3135 17,
657 3062 670 3098 «
688 3041 815 3131 Πρῶτον
833 3039 959 3131 μὲνγὰρ
980 3043 1008 3106 οί
1028 3043 1148 3116 ποιηταί
1170 3041 1239 3117 τοὺς

248 3150 395 3239 τυχόντας
413 3145 524 3236 μύθους
540 3144 768 3236 ἀπηρίθμουν...
787 3171 800 3206 1

296 3279 310 3316 1(
329 3257 404 3332 Τοὺς
420 3254 569 3343 τυχόντας
586 3254 695 3341 μύθους
711 3254 910 3342 ὑπεκρίνοντο.
933 3275 947 3313 1

301 3361 479 3460 Metaph.
507 3361 614 3454 1045.
641 3360 679 3433 b.
707 3384 753 3455 14
771 3360 828 3456 (2).
853 3387 866 3424 ιι
885 3361 949 3426 Καὶ
970 3361 1027 3452 γὰρ
1043 3359 1076 3424 τὸ
1100 3359 1239 3450 ὑγιαίνειν

251 3472 378 3540 ἔσται...
397 3468 533 3543 σύνθεσις
548 3465 648 3554 ψυχῆς
664 3468 716 3531 καί
732 3466 859 3559 ὑγιείας.
878 3486 891 3522 1

297 3662 340 3675 -
355 3625 465 3712 Ψυχῆς
481 3635 678 3704 corruptum.
696 3621 919 3708 ίοτῑ.οώματος
936 3615 1055 3682 Christ.
1069 3650 1110 3661 -
1123 3615 1238 3676 Nonne

251 3747 275 3809 χ
289 3740 326 3783 ex
341 3720 359 3784 λ
375 3734 481 3784 ortum
503 3730 559 3795 est,
584 3718 667 3780 unde
681 3718 703 3804 ψ
717 3717 899 3781 addendum
913 3714 1096 3777 videbatur?

285 3940 321 4005 (1)
339 3939 450 3991 Recens.
463 3936 497 3992 G.
510 3936 607 3992 Christ.
625 3935 695 4002 1878.

288 4022 323 4088 (2)
341 4021 458 4089 Recogu.
471 4019 516 4070 W.
529 4018 626 4069 Christ.
642 4015 711 4069 1886.
