3356 5040
458 605 497 684 54
812 612 1087 663 nonniusunr.

496 782 709 862 -Sauseium
713 792 790 864 pete
803 782 956 857 celemus,
974 779 1061 844 Med.
1069 781 1239 864 Saufeium
1251 780 1292 841 de
1302 789 1333 841 te
1346 780 1444 840 celem

453 883 515 957 uis,
534 882 627 944 Boot.
644 917 685 926 .-
703 882 775 943 Hoc
790 880 859 941 loco
875 880 988 943 Cicero
1003 879 1127 941 videtur
1148 898 1221 941 eum
1248 878 1311 939 iam
1327 878 1446 939 librum

456 978 619 1053 evolvisse,
634 977 672 1039 de
684 997 748 1059 quo
760 978 851 1055 XIV,
864 999 896 1060 4,
909 999 951 1060 4:
968 1000 981 1036 u
995 976 1124 1057 Saufeii
1148 977 1263 1059 legisse
1287 977 1413 1039 vellem.
1430 997 1443 1034 i

458 1079 489 1144 ls
504 1100 576 1142 curn
595 1081 769 1160 Epicureus
784 1093 876 1151 esset,
894 1098 975 1160 quae
990 1089 1072 1140 secta
1091 1079 1124 1138 in
1140 1075 1345 1147 Tusculanis,
1362 1074 1445 1137 utin

456 1179 585 1240 caeteris
599 1178 639 1239 de
653 1176 854 1258 philosophia
869 1176 969 1249 libris,
987 1176 1173 1257 exagitatur,
1191 1176 1305 1237 timens
1320 1175 1446 1236 Atticus

455 1295 496 1338 ne
525 1276 622 1338 homo
652 1287 717 1339 tarn
752 1276 813 1337 sibi
840 1275 1003 1337 familiaris
1035 1274 1116 1335 male
1148 1273 1304 1335 mulcatus
1333 1271 1444 1346 abiret,

456 1373 580 1437 videtur
596 1376 750 1456 petivisse,
768 1376 835 1434 eius
861 1372 932 1434 libri
959 1393 998 1434 ne
1021 1373 1139 1434 mentio
1156 1369 1252 1432 fieret.
1276 1408 1312 1418 —-
1330 1370 1447 1433 Ortum

456 1473 535 1533 Pete
548 1492 585 1533 ex
592 1483 731 1554 propter
750 1483 780 1534 te
795 1474 938 1553 suspicor
955 1496 961 1534 :
980 1483 1051 1553 post
1068 1470 1146 1532 illud
1161 1480 1203 1545 te,
1219 1480 1253 1532 ta
1270 1489 1324 1550 per
1338 1467 1448 1550 haplo

457 1574 635 1654 graphium,
656 1593 737 1655 quae
758 1572 883 1646 dicitur,
908 1572 1067 1646 excidisse,
1092 1571 1144 1633 sed
1167 1570 1245 1633 illud
1259 1580 1398 1652 propter
1418 1578 1448 1629 te

455 1690 493 1732 ex
507 1673 688 1752 antiquiore
703 1684 733 1734 et
750 1691 823 1734 vero
830 1691 972 1752 prorsus
987 1683 1109 1732 natum.

510 1816 748 1892 «Saufeium
773 1841 935 1914 prorsus
967 1818 1086 1890 taceri
1114 1817 1168 1890 vis
1201 1849 1210 1892 :
1242 1840 1333 1915 ergo
1362 1838 1448 1890 uus-

460 1956 577 2028 quam
596 1930 791 2005 indicabo.
812 1971 828 2000 2

745 2247 1163 2320 ADDITAMENTA.

516 2461 579 2532 DE
600 2459 706 2532 ΝΑΤ.
729 2461 858 2532 DEoR.
878 2459 930 2542 Il,
950 2460 1104 2554 57,144.
1129 2490 1143 2518 a
1226 2455 1450 2554 Amplifica-

462 2587 524 2646 tur
559 2596 695 2659 sonum
731 2598 810 2671 quo
841 2572 941 2646 circa
972 2589 1053 2646 et..
1089 2588 1309 2650 resonatur.
1339 2585 1374 2644 et
1405 2591 1451 2644 ex
1512 2651 1514 2658 ,

464 2686 645 2761 tortuosis
674 2686 766 2762 locis
785 2702 819 2761 et
846 2686 1005 2760 inclusis
1032 2688 1118 2762 soni
1134 2687 1352 2760 referuntur
1369 2709 1449 2758 arn·

467 2800 621 2900 pliores.
645 2802 828 2877 Similiter
848 2828 1004 2877 nares...
1026 2841 1041 2870 η

503 2966 584 3028 8οηί
597 2965 745 3028 inculcati
767 2979 840 3028 sunt
863 2967 902 3027 ab
921 2967 1010 3030 editt.
1030 2969 1105 3030 Non
1119 2981 1165 3031 est
1180 2968 1266 3050 quod
1283 2966 1450 3048 singularis

464 3084 614 3126 numerus
631 3075 758 3146 repente
773 3064 888 3145 plurali
904 3079 1161 3128 summoveatur:
1179 3067 1353 3148 ampliores
1367 3067 1451 3127 enim

466 3181 523 3242 pro
536 3163 695 3243 ampliore
706 3183 742 3224 ex
755 3165 938 3245 insequente
949 3166 1100 3227 similiter
1111 3177 1334 3248 provenerunt.

518 3348 535 3377 «ι
637 3334 670 3392 et
703 3343 748 3392 ex
778 3317 960 3393 tortuosis
993 3318 1085 3394 locis
1120 3330 1189 3392 aut
1218 3317 1377 3392 inclusis
1412 3319 1453 3392 ui

468 3433 689 3529 refunditur
705 3433 905 3530 ampliore.
930 3471 947 3501 ‚2

520 3549 584 3622 DE
598 3549 732 3622 ORAT.
749 3548 878 3634 ll,2,6.
903 3551 1057 3644 «Quare
1071 3549 1298 3648 equidem...
1311 3549 1452 3622 multos

468 3679 504 3737 et
518 3662 679 3759 ingeniis
697 3677 732 3736 et
751 3686 888 3760 magna
903 3663 1016 3737 laude
1030 3662 1183 3738 dicendi
1198 3663 1281 3738 sine
1297 3686 1452 3738 summa

468 3802 599 3854 rerum
619 3776 800 3854 omnium
822 3778 980 3854 scientia
998 3779 1115 3854 fuisse
1133 3780 1265 3854 fateor.
1285 3815 1301 3845 n

507 3975 548 3990 —-
565 3945 609 4008 H.
630 3943 771 4007 Muther.
793 3926 817 4009 l.
843 3945 863 4006 l.
893 3965 930 4007 ιο
958 3967 965 4007 :
995 3965 1061 4010 u...
1090 3945 1208 4008 multos
1228 3957 1259 4008 et
1273 3943 1454 4042 ingeniise't

464 4053 545 4105 arte
566 4041 719 4124 adjutos
741 4062 856 4126 magna
872 4043 966 4106 laude
985 4043 1019 4106 d.
1042 4043 1065 4106 f.
1089 4044 1111 4107 f.
1129 4067 1142 4104 >r
1173 4044 1289 4108 Muller
1314 4043 1454 4125 reposuit
