3356 5040
468 513 510 593 46
730 524 778 575 AD
800 524 975 586 QUINTUM
999 526 1186 580 FRATREM.

508 725 550 738 -
565 691 659 754 Boot.
676 710 708 772 p.
727 693 765 754 38
783 714 790 754 :
809 691 970 756 Ciceronis
991 713 1068 756 usus
1090 693 1250 775 postulare
1267 693 1400 770 videtur,
1418 709 1454 762 ut

467 790 620 853 scribatur
635 791 668 852 in
687 790 822 852 Graecis
844 791 931 872 ipsiS.
949 793 1037 854 Tum
1053 791 1102 854 vel
1115 811 1189 855 cum
1206 793 1340 856 Ernesto
1355 814 1454 876 quae-

466 889 543 951 dam
558 887 759 951 scribendum
775 901 832 964 est,
849 890 897 952 vel
912 910 985 952 cum
1001 892 1230 972 Wesenbergio
1249 893 1454 958 statuendum

466 1000 539 1050 ante
563 986 651 1050 illam
676 1006 785 1050 vocem
808 987 957 1050 excidisse
982 990 1112 1072 aliquod
1138 990 1338 1069 adiectivum,
1367 993 1453 1056 velut

466 1085 637 1148 intimae...
666 1083 727 1149 Sed
753 1083 840 1166 quod
868 1087 1010 1168 sequitur
1029 1087 1077 1149 sic
1094 1105 1171 1149 vero
1190 1098 1250 1151 cet.
1270 1091 1337 1151 sine
1357 1109 1453 1153 causa

465 1183 694 1265 Wesenbergio
709 1182 909 1265 displicuit„
926 1221 966 1231 —
976 1185 1091 1268 Digni.
1107 1187 1162 1249 Sic
1182 1188 1358 1268 profectum
1372 1204 1453 1272 puto

465 1283 646 1366 adignitic,
672 1283 744 1344 illic
767 1295 874 1345 autem
899 1282 984 1346 idem
995 1296 1089 1366 atque
1104 1287 1215 1348 Asiam
1229 1286 1342 1366 valere,
1369 1307 1451 1370 quae

464 1383 637 1462 opponitur
653 1381 801 1446 Graeciae
817 1401 920 1445 merae
934 1394 965 1445 et
979 1386 1140 1466 antiquae.

516 1564 532 1593 u
549 1535 674 1631 Atque
711 1531 825 1606 etiam
857 1556 882 1606 α
913 1532 1070 1606 Graecis
1115 1532 1209 1632 ipsis
1249 1532 1449 1630 diligenter

463 1647 676 1723 cavendum
711 1676 719 1721 :
760 1671 807 1722 ac
847 1664 936 1722 sunt
982 1649 1138 1746 quidem
1170 1649 1447 1726 familiaritates

456 1763 706 1862 praestabiles
736 1764 944 1837 hominum
976 1787 1334 1863 perpaucorum...;
1364 1765 1448 1841 illic

460 1901 598 1954 VCI'O...
619 1916 635 1945 n

511 1993 569 2067 lb.
591 2014 626 2087 7.
651 2016 711 2067 21.
731 2026 747 2056 κ
767 1991 922 2068 Lenitas
940 1993 979 2067 in
998 1992 1255 2082 decernendo,
1277 1994 1318 2069 in
1337 1995 1445 2071 satis-

459 2105 639 2182 faciendo
658 2130 702 2182 ac
719 2104 955 2206 disputando
974 2107 1181 2206 diligentia,
1202 2147 1219 2177 η

501 2271 567 2335 Ubi
589 2284 715 2354 praetor
735 2271 881 2350 decrevit,
900 2274 1089 2356 disputandi
1109 2277 1174 2337 iarn
1195 2295 1261 2338 non
1282 2288 1329 2339 est
1344 2277 1445 2342 locus.

509 2453 526 2485 ι
608 2445 653 2496 ac
669 2422 928 2521 dispensando
946 2422 1152 2521 diligentia.
1178 2462 1195 2491 n

505 2536 557 2612 ib.
579 2560 614 2632 7.
637 2559 694 2611 22.
716 2538 876 2631 “Quare
909 2561 1033 2637 quum
1053 2537 1252 2637 permagni
1271 2537 1442 2614 hominis

456 2668 523 2741 est,
543 2667 578 2726 et
604 2675 731 2749 quum
757 2650 840 2751 ipsa
867 2667 1003 2726 natura
1026 2651 1226 2741 moderati,
1247 2668 1331 2727 tum
1350 2678 1441 2728 vero

456 2765 571 2842 etiam
585 2763 762 2840 doctrina
775 2782 890 2867 atque
900 2766 1289 2866 optimarumartium
1305 2767 1441 2843 studiis

456 2879 638 2958 eruditi...
673 2880 726 2956 sic
755 2906 795 2956 se
821 2881 1005 2956 adhibere
1030 2882 1070 2957 in
1100 2898 1205 2958 tanta
1241 2897 1438 2981 potestate,

456 3012 545 3073 ut...
570 3033 587 3066 a

496 3179 538 3192 -
554 3146 647 3208 Boot.
663 3146 700 3208 ln
715 3145 800 3208 Med.
815 3146 1046 3228 scriptumest:
1061 3166 1165 3231 quare
1176 3167 1248 3211 cum
1255 3167 1320 3230 per
1331 3146 1444 3230 magni
1502 3189 1503 3192 κ

457 3243 595 3306 hominis
613 3254 668 3307 est.
695 3245 879 3308 Schuetzius
901 3262 973 3307 cum
999 3245 1122 3324 delevit,
1143 3266 1280 3330 eumque
1302 3249 1445 3329 sequitur

457 3343 609 3406 Wesenb.
639 3344 709 3424 Ego
734 3345 766 3404 in
793 3362 865 3405 cum
884 3363 949 3424 per
974 3344 1068 3408 latere
1092 3347 1234 3428 suspicor
1257 3363 1393 3426 semper,
1413 3356 1444 3407 et

457 3442 658 3508 scribendum
676 3465 683 3505 ε
700 3461 804 3525 quare
817 3461 942 3524 semper
956 3445 1070 3528 magni
1084 3445 1223 3507 hominis
1237 3455 1294 3508 est.
1310 3479 1351 3488 -
1449 3467 1451 3472 ·

508 3596 653 3690 Quare,
675 3605 911 3692 quantopere
930 3592 1058 3690 magni
1076 3590 1247 3667 hominis
1265 3593 1439 3680 interest,

457 3733 582 3810 quum
610 3709 693 3808 ipsa
718 3723 855 3783 natura
878 3707 1081 3796 moderati,
1101 3723 1185 3783 tum
1203 3732 1297 3782 vero
1315 3707 1443 3784 ornati

458 3825 677 3903 doctrina...
700 3859 717 3890 n

509 3943 538 4017 l.
568 3965 602 4016 2.
630 3945 661 4018 5.
693 3941 749 4014 16.
787 3974 804 4004 κ
827 3941 875 4015 Et
906 3938 1065 4038 quidem
1098 3964 1222 4037 quum
1255 3963 1322 4038 spe
1352 3959 1440 4012 sum
