3356 5040
683 518 751 568 LIB.
778 518 800 570 1.
1221 511 1237 570 5

247 701 377 759 tamen
402 685 452 759 ad
477 687 574 761 bene
591 684 806 760 vivendum
813 690 964 781 facere.
988 686 1028 759 Is
1051 685 1238 760 omnibus

247 799 326 874 fere
344 798 635 874 sermonibus...
658 838 674 868 2

300 915 365 988 IV.
384 937 438 1010 17.
460 948 475 977 u
490 915 601 990 Illam
617 930 747 990 autem
765 913 1002 990 Socraticam
1018 913 1236 989 dubitanter

248 1028 295 1102 de
314 1029 500 1106 omnibus
519 1031 635 1105 rebus
662 1046 697 1104 et
725 1031 832 1104 nulla
850 1029 1109 1104 affirmatione
1127 1029 1237 1105 adhi-

247 1142 324 1220 bita
350 1145 673 1220 consuetudinem
702 1145 915 1220 disserendi
943 1144 1193 1243 reliquerunt.
1214 1182 1231 1214 n

287 1343 328 1354 -
342 1307 430 1371 Adn.
447 1311 515 1372 crit.
542 1332 555 1367 u
571 1310 769 1373 Dubitanter
792 1311 922 1385 Baiter„
946 1310 1146 1373 dubitantem
1162 1311 1233 1374 cod.

248 1406 383 1481 Gedan.‚
400 1407 632 1470 dubitationem
649 1421 721 1470 cett.
739 1444 780 1452 -
796 1409 847 1472 Cf.
866 1409 942 1472 Nat.
962 1409 1057 1473 Deor.
1082 1411 1108 1471 Ι.
1135 1412 1163 1484 5,
1185 1431 1232 1472 11.

248 1507 373 1568 «Haec
388 1507 420 1567 in
442 1506 651 1586 philosophia
667 1508 753 1569 ratio
779 1517 894 1568 contra
920 1508 1030 1568 omnia
1055 1507 1236 1570 disserendi

245 1604 435 1685 nullamque
448 1624 516 1666 rem
534 1615 643 1685 aperte
657 1604 836 1668 iudicandi.
854 1629 868 1668 a

297 1783 313 1811 κ
339 1752 450 1826 Illam
466 1769 595 1826 autem
613 1751 848 1827 Socraticam
863 1751 1070 1826 dubitandi
1085 1751 1133 1826 de
1151 1774 1233 1824 om·

246 1865 361 1941 nibus
395 1869 555 1942 rebus...
586 1866 907 1943 consuetudinem
937 1865 1230 1964 reliquerunt.»

292 1985 361 2057 Vl.
397 2007 455 2056 22.
494 2017 509 2046 α
530 1983 644 2076 llludj
659 1981 940 2081 imprudenter,
971 1982 1003 2055 si
1030 1980 1127 2056 alios
1154 2005 1235 2056 esse

242 2097 510 2193 Academicos,
531 2099 599 2197 qui
623 2097 719 2171 dum
739 2098 996 2197 appellantur,
1016 2095 1111 2171 alios
1133 2095 1234 2170 Peri-

242 2212 427 2310 pateticos
445 2213 696 2287 arbitrantur.
718 2248 733 2277 n

285 2413 325 2422 -
340 2376 425 2439 Adn.
444 2380 512 2440 crit.
532 2398 545 2434 u
566 2376 648 2440 Cod.
666 2376 788 2439 Gedan.
805 2378 1020 2457 appellentur,
1038 2377 1105 2438 rell.
1123 2380 1231 2458 appel·

243 2477 404 2539 [arentur.
422 2513 463 2523 -
480 2479 516 2539 ln
536 2477 596 2538 hoc
621 2477 867 2558 appellarentur
888 2475 952 2536 duo
976 2475 1121 2538 videntur
1143 2497 1234 2539 voca-

243 2575 317 2637 bula
332 2576 520 2657 compendio
536 2578 649 2656 scripta
666 2575 830 2636 coaluisse.

294 2755 310 2784 u
334 2721 436 2796 Illud
455 2722 734 2822 imprudenter,
757 2722 787 2796 si
811 2721 908 2795 alios
926 2746 1008 2795 esse
1025 2721 1228 2797 Academi-

240 2860 318 2921 cos,
340 2836 407 2935 qui
427 2839 507 2912 iam
524 2840 768 2936 appellantur
787 2849 998 2914 veteres...„

290 2954 379 3027 Vll.
403 2975 460 3046 27.
483 2986 499 3014 a
517 2953 592 3029 Sed
614 2956 826 3030 subiectam
842 2971 978 3053 putant
992 2955 1223 3030 omnibus...

241 3067 444 3142 materiam
476 3070 689 3167 quandam,
724 3096 743 3144 e
774 3096 852 3169 qua
884 3071 1018 3145 omnia
1049 3095 1227 3169 expressa

241 3198 355 3279 atque
382 3181 509 3258 efficta
540 3181 627 3268 sint,
661 3208 761 3282 quae
789 3208 868 3258 una
895 3184 1026 3259 omnia
1057 3184 1228 3282 accipere

240 3295 363 3395 possit
400 3297 662 3395 omnibusque
698 3298 825 3373 modis
861 3298 1001 3374 mutari
1033 3315 1147 3398 atque
1183 3325 1227 3374 ex

239 3410 348 3485 omni
373 3427 481 3511 parte
507 3430 622 3511 atque
645 3413 758 3488 etiam
778 3413 945 3502 interire,
967 3413 1105 3488 nonin
1125 3413 1226 3488 nihi·

238 3527 335 3613 lum,
357 3527 423 3602 sed
442 3525 481 3600 in
502 3552 592 3602 suas
609 3544 748 3625 partes.
775 3565 791 3594 n

278 3717 320 3729 -
334 3683 421 3745 Adn.
438 3685 507 3746 crit.
526 3705 539 3741 r
558 3685 632 3746 Una
648 3685 769 3766 scripsi,
786 3695 853 3746 tota
867 3684 961 3748 codd.
967 3685 1105 3768 formas
1119 3703 1227 3748 omnes

240 3781 362 3855 Davis,
381 3783 464 3845 Bait.
484 3819 521 3828 -
539 3783 590 3847 Cf.
608 3783 701 3846 infra.
719 3785 812 3848 Orat.
830 3784 888 3846 Vl.
908 3805 958 3847 21.

295 3961 310 3990 a
334 3928 535 4002 Materiam
556 3928 818 4027 quandam...
840 3953 940 4026 quae
974 3931 1059 4003 loca
1090 3926 1224 4001 omnia
