3356 5040
424 697 497 770 DE
519 695 591 770 RE
611 695 859 772 PUBLICA.
884 697 929 769 L.
953 695 984 770 1.

249 893 470 969 XXXVIII.
492 894 549 989 59.
570 923 587 954 a
606 891 680 967 Sed
696 890 827 966 imitor
840 892 1053 992 Archytam
1073 893 1186 968 illum

198 1007 473 1095 Tarentinum,
506 1005 623 1106 qui...
659 1011 722 1082 ‘A
749 1020 784 1080 te
814 1005 1028 1082 infelicem’
1057 1006 1185 1108 inquit

197 1123 326 1208 vilico,
352 1136 494 1222 ‘quem
524 1146 723 1198 necassem
752 1121 831 1197 iam
848 1122 1089 1210 verberibus,
1110 1122 1185 1199 nisi

200 1239 320 1315 iratus
334 1263 470 1316 essem.
489 1273 506 1303 n

238 1405 396 1482 Quisnam
423 1403 483 1467 fuit
503 1422 646 1484 unquam
669 1401 787 1478 infelix,
804 1402 890 1484 quod
913 1421 977 1466 non
998 1403 1181 1486 vapularet?

195 1503 257 1566 nisi
271 1503 351 1566 forte
362 1522 414 1565 eas
425 1503 540 1584 excipis
553 1503 769 1565 Sarmatarum
781 1500 947 1575 uxores‚de
961 1501 1078 1584 quibus
1091 1501 1181 1584 Dozy

194 1602 325 1665 aureolo
340 1600 396 1664 illo
410 1602 637 1664 commentario
652 1603 708 1683 qui
719 1601 901 1663 inscribitur
918 1622 925 1664 :
945 1601 1018 1663 Hoe
1035 1599 1179 1664 Rusland

198 1700 339 1783 machtig
361 1699 459 1762 werd.
484 1698 583 1778 (Giris,
611 1701 699 1775 1866,
726 1696 848 1777 1.)Sed
873 1699 912 1762 cf.
943 1698 1108 1762 lamblich.
1133 1699 1181 1762 De

202 1798 338 1883 Pythag.
354 1800 410 1862 vit.
427 1799 549 1875 XXXI,
570 1820 627 1884 197
644 1821 651 1862 :
668 1797 773 1864 eim...
794 1798 867 1889 πρὸς
891 1798 960 1876 τοὺς
981 1797 1110 1878 οίκὲτας,
1136 1798 1183 1864 ὅτι

195 1897 371 1986 εὐτυχοῦσιν
400 1897 446 1962 ὅτι
470 1897 571 1974 αὐτοῖς
594 1903 755 1990 ὥργισται,
782 1923 811 1965 κ.
840 1923 868 1966 r.
897 1895 928 1968 λ.

249 2083 266 2113 κ
284 2055 317 2128 Α
332 2069 369 2128 te
386 2053 554 2128 nimium
579 2053 750 2131 felicem'
768 2051 895 2153 inquit
912 2053 1043 2129 vilico.
1064 2090 1080 2120 κ

496 2324 549 2380 DE
568 2323 621 2380 RE
639 2323 761 2381 PUBL.
785 2324 821 2380 L.
840 2323 882 2381 11.

244 2505 330 2578 XL.
351 2505 410 2601 67.
435 2535 451 2566 κ
469 2501 638 2578 Immani
656 2517 691 2576 et
707 2516 838 2577 vastae
856 2499 1028 2577 insidens
1047 2501 1183 2578 beluae

195 2633 342 2692 coercet
360 2633 395 2693 et
410 2617 500 2716 regit
525 2617 693 2693 beluam.
721 2641 974 2719 quocumque
991 2618 1089 2706 vult,
1106 2617 1181 2694 levi

192 2732 397 2808 admonitu
415 2735 443 2830 †
461 2758 539 2809 non
556 2749 644 2808 actu
661 2733 819 2808 inflectit
843 2731 951 2809 illam
969 2733 1104 2809 ieram.
1129 2736 1175 2808 L.

194 2847 347 2935 Novi...
367 2885 384 2916 η

247 2992 264 3022 κ
368 2977 516 3038 coercet
542 2988 629 3038 eam
657 2979 692 3040 et
723 2963 814 3062 regit
832 2989 907 3064 per
940 2965 1062 3052 viam,
1084 2989 1182 3064 quo-

192 3101 364 3176 cumque
374 3077 550 3166 vult,levi
564 3077 769 3154 admonitu
777 3090 1002 3156 contactuve
1000 3081 1181 3178 flectens.

195 3196 244 3274 L.
262 3195 342 3270 Illa
358 3219 449 3270 vero
468 3193 606 3269 novi...
630 3229 646 3260 n

485 3467 540 3523 aa
558 3467 611 3523 Ru
631 3466 755 3524 ruat.
777 3466 817 3524 c.
836 3467 904 3542 vr,

246 3646 312 3720 IV.
332 3668 372 3741 4.
396 3674 413 3706 a
431 3645 548 3741 Quod
567 3645 726 3746 quidem
741 3645 795 3722 sic
813 3645 933 3744 tangit
950 3645 991 3721 in
1009 3644 1118 3721 libris
1132 3645 1183 3720 de

194 3782 235 3834 re
248 3759 405 3859 publica
418 3758 588 3849 Tullius,
602 3776 645 3835 ut
657 3786 749 3836 eum
763 3760 901 3836 lusisse
914 3760 1045 3860 potius
1059 3784 1200 3861 quam]

194 3873 223 3970 †
239 3873 348 3974 quod
362 3873 402 3950 id
416 3900 555 3951 verum
569 3901 650 3952 esse
661 3876 843 3953 adfirmet
856 3876 982 3953 dicere
993 3875 1180 3953 voluisse.

195 3989 249 4086 (S.
269 3988 507 4087 Augustinus
525 3990 573 4066 de
591 3990 678 4068 Civ.
698 3990 769 4067 Dei
786 3993 911 4082 XXII,
938 3992 1008 4088 18).
