3356 5040
463 590 499 634 bo
705 577 1000 630 AanEMICORUM
1025 577 1207 630 PRIORUM.

457 774 596 827 verum
614 773 709 834 esse,
727 745 921 822 confidere
934 747 1040 820 sanis
1055 745 1229 832 testibus,
1247 757 1288 821 at
1306 746 1443 844 imper·

458 870 529 944 rita
546 863 731 960 infitiari!

507 982 650 1059 XXVI.
671 981 729 1056 85.
755 1013 769 1042 u
794 976 968 1053 Stoicum
992 975 1090 1051 istuc
1109 975 1270 1074 quidem
1290 1000 1360 1052 nec
1378 975 1445 1052 ad-

459 1096 623 1174 modum
641 1091 837 1171 credibile.
863 1128 878 1157 „

497 1279 584 1342 Adn.
607 1278 675 1338 crit.
693 1311 733 1322 -
747 1275 888 1337 Stoicum
915 1275 1013 1336 istuc
1038 1274 1166 1355 quidem
1182 1275 1302 1354 scripsi,
1321 1275 1368 1337 St.
1396 1284 1443 1336 est

456 1377 585 1460 quidem
599 1374 701 1455 vulg„
716 1375 763 1436 St.
779 1373 837 1436 sed
856 1383 904 1436 est
915 1373 1044 1455 quidem
1065 1371 1158 1434 codd.
1182 1378 1212 1435 A
1233 1384 1263 1434 et
1283 1373 1321 1448 B,
1337 1372 1443 1434 sedem

456 1473 498 1549 V,
515 1483 562 1536 est
574 1473 661 1535 istud
674 1473 759 1534 coni.
779 1470 888 1532 Halm.
909 1507 950 1516 —

509 1666 525 1696 α’
548 1635 722 1711 Stoicum
741 1636 792 1709 sit
811 1635 909 1709 istuc
928 1633 1104 1732 quidem,
1126 1657 1241 1708 nec...
1267 1669 1282 1697 n

505 1750 727 1825 XXXVIII.
763 1773 842 1823 120.
875 1780 891 1810 κ
904 1747 1005 1823 Mihi
1021 1758 1081 1823 'ne
1099 1764 1140 1822 ut
1161 1746 1337 1822 dubitem
1355 1741 1442 1844 qui-

456 1864 897 1963 dem,reIinquatur‘IUt
908 1862 1084 1937 omittam
1097 1862 1287 1937 levitatem
1298 1878 1441 1938 temere

451 1979 763 2067 adsentiendum,
780 1978 913 2078 quanti
928 1979 1082 2054 libertas
1100 1978 1182 2077 ipsa
1201 1976 1440 2053 aestimanda

449 2110 516 2182 est,
543 2119 622 2169 non
651 2093 747 2167 mihi
775 2118 926 2169 necesse
953 2119 1048 2182 esse,
1079 2094 1185 2193 quod
1203 2092 1272 2168 tibi
1291 2109 1359 2179 est,
1379 2093 1438 2167 di-

449 2233 545 2297 cere,
566 2234 635 2286 cur
654 2209 827 2284 deus...?

490 2427 530 2438 -
545 2390 631 2453 Adn.
648 2390 717 2453 crit.
735 2390 950 2471 relinquetur,
970 2391 1148 2453 Manutius.
1172 2425 1214 2436 -

501 2586 518 2615 a
541 2553 641 2628 Mihi
660 2564 803 2638 tamen,
820 2567 862 2625 ut
878 2552 1051 2626 dubitem
1068 2551 1242 2651 quidem,
1253 2552 1439 2652 relinque-

447 2681 554 2742 tur...
573 2678 720 2764 quanto
734 2665 890 2741 libertas
908 2691 954 2742 ea
960 2667 1091 2766 potior
1104 2667 1343 2742 aestimanda
1361 2674 1435 2743 est!

446 2781 558 2858 Num
590 2781 689 2857 mihi
719 2805 871 2857 necesse
897 2783 1034 2868 dicere,
1065 2783 1172 2881 quod
1190 2781 1258 2857 tibi
1278 2798 1345 2871 est,
1366 2807 1436 2861 cur

448 2896 588 2971 deus...
612 2926 627 2965 »

495 3012 715 3086 XXXVIII.
741 3035 821 3086 120.
846 3044 862 3074 a
882 3011 1004 3087 Cuius
1022 3013 1180 3112 quidem
1193 3019 1255 3114 (sc.
1273 3018 1349 3104 dei)
1364 3042 1434 3090 vos

446 3125 683 3200 maiestatem
704 3125 892 3201 deducitis
910 3152 1035 3227 usque
1057 3128 1106 3204 ad
1134 3129 1270 3229 apium
1301 3129 1434 3203 formi-

444 3264 660 3339 carumque
690 3241 978 3339 perfectionem,
1000 3261 1041 3319 ut
1068 3245 1183 3320 etiam
1213 3245 1310 3319 inter
1340 3244 1434 3318 deos

446 3353 708 3454 Myrmecides
726 3356 847 3454 aliqui
876 3357 1118 3433 minutorum
1151 3360 1433 3459 opusculorum

447 3467 654 3544 fabricator
672 3469 791 3544 fuisse
809 3470 1000 3547 videatur.
1025 3509 1041 3538 n

488 3636 563 3697 Non
578 3636 721 3716 intelligo
732 3656 788 3700 cur
802 3656 888 3718 apes,
913 3658 995 3720 quae
1017 3639 1119 3702 multo
1143 3639 1296 3701 maiorem
1315 3637 1435 3701 utilita-

445 3746 509 3797 tem
522 3755 621 3817 quam
637 3736 786 3799 formicae
798 3739 959 3818 praebent,
975 3737 1099 3812 eodem,
1118 3758 1183 3820 quo
1198 3738 1280 3818 illae,
1295 3759 1360 3801 non
1372 3739 1437 3801 sint

444 3831 524 3909 iure,
544 3852 645 3916 neque
661 3855 756 3898 suum
772 3836 909 3899 habeant
931 3849 1104 3900 auctorem.

500 4018 517 4048 ⁴⁶
540 3991 593 4065 Ut
608 3989 658 4064 sit
675 3989 754 4064 iam
774 3989 871 4065 inter
889 3989 981 4065 deos
1000 3989 1263 4090 Myrmecides
1280 3992 1432 4090 aliquis,
