3356 5040
434 797 506 891 nn
521 816 748 892 NATURA
767 817 1021 902 nnonuu,

663 1042 745 1097 LlB.
768 1043 793 1097 I.

281 1219 393 1292 VIII.
426 1243 485 1293 20.
519 1250 535 1279 u
555 1221 732 1293 Pronoea
750 1244 843 1293 vero
860 1233 1000 1304 vestra,
1025 1219 1164 1305 Lucili,
1185 1218 1217 1292 si

231 1346 287 1406 est
305 1332 479 1412 eadem.
500 1332 635 1407 eadem
655 1333 824 1433 requiro,
842 1358 941 1432 quae
959 1334 1076 1431 paulo
1092 1348 1217 1407 ante.»

273 1487 358 1550 Ado.
386 1490 456 1553 crit.
484 1524 524 1534 -
549 1489 586 1551 Si
609 1500 717 1552 vestra
742 1500 790 1552 est
806 1491 916 1551 Lucili
936 1490 1047 1551 eadem
1070 1489 1162 1554 codd.
1180 1526 1221 1536 -

230 1585 431 1648 Vocabulum
445 1586 525 1649 illud
540 1598 647 1650 vestra
659 1607 737 1649 num
753 1608 771 1648 a
784 1589 1015 1668 Cicerone,quo
1027 1600 1073 1651 est
1088 1587 1217 1664 iudici0,

229 1686 377 1748 iteratum
400 1687 450 1758 sit,
468 1689 505 1764 (1)
517 1685 652 1748 dubium
668 1685 803 1759 videtur,
821 1689 1005 1767 praesertIm
1020 1707 1121 1768 quum
1133 1689 1218 1749 vocis

230 1785 401 1856 contentio,
420 1796 548 1866 propter
572 1805 646 1846 eum
668 1785 812 1847 ordinem
835 1786 1006 1847 verborum
1033 1787 1089 1867 qui
1114 1800 1161 1848 est
1186 1789 1219 1847 iu

233 1882 339 1959 codd.‚
358 1885 392 1944 iu
409 1893 549 1945 vestram
568 1884 660 1947 cadat
677 1907 685 1947 ε
702 1905 768 1947 non
787 1885 951 1967 quaeritur
966 1904 1086 1948 numne
1108 1903 1218 1946 eorum

231 1983 271 2043 sit
289 1984 443 2058 Pronoea,
461 2003 536 2045 vero
550 2003 629 2045 num
644 1985 696 2048 sit.

281 2154 297 2183 α
317 2124 495 2196 Pronoea
508 2148 602 2197 vero
618 2122 649 2197 si
665 2149 708 2199 re
721 2148 814 2199 vera
836 2139 904 2210 est,
924 2122 1063 2210 Lucili,
1080 2122 1216 2198 eadem

228 2237 399 2334 requiro,
421 2274 437 2304 „

276 2353 326 2426 X.
344 2375 403 2446 24.
418 2351 613 2450 Quodque
628 2351 667 2426 in
684 2367 815 2427 nostro
828 2376 989 2450 corpore
1004 2353 1036 2426 si
1051 2353 1216 2428 minima

226 2482 397 2565 exparte
417 2467 445 2562 †
463 2466 711 2564 significetur,
742 2468 946 2542 molestum
975 2467 1031 2552 sit,
1054 2492 1124 2543 cur
1142 2469 1216 2543 hoc

226 2581 329 2656 idem
349 2607 428 2656 non
447 2582 662 2657 habeamus
681 2583 887 2657 molestum
908 2583 1065 2658 indeo?
1083 2620 1099 2649 n

267 2738 353 2801 Adn.
370 2738 488 2801 crit.--
501 2740 556 2801 Sic
570 2740 733 2802 incitetur.
752 2740 898 2814 Lachm.,
917 2742 1001 2804 Bait.
1021 2743 1033 2804 I
1040 2743 1063 2811 l,
1080 2743 1127 2805 sic
1141 2742 1214 2825 affi-

226 2838 334 2899 ciatur
350 2838 496 2900 Schoem.
513 2874 554 2885 -
570 2841 617 2901 Ea
631 2851 713 2901 recte
728 2839 807 2902 vidit
823 2841 946 2903 Goethe
956 2861 1021 2903 non
1037 2840 1076 2903 ad
1092 2860 1215 2922 praece-

226 2935 351 2999 dentem
379 2937 567 2999 sententiam
604 2951 753 3018 spectare‚
782 2938 836 3000 sed
862 2960 916 3020 per
939 2941 1126 3020 particulam
1150 2959 1212 3022 que

226 3055 346 3096 novum
371 3033 474 3097 afferri
499 3049 724 3116 argumentum
749 3059 757 3098 :
785 3038 811 3097 is
837 3038 944 3101 scribit
971 3038 1150 3121 «quodque
1178 3040 1212 3100 in

224 3146 332 3197 nostro
348 3154 479 3216 corpore
495 3136 521 3195 si
536 3135 669 3196 minIma
684 3155 721 3196 ex
735 3147 822 3216 parte
826 3136 966 3219 frigore
980 3147 1040 3198 aut
1050 3138 1129 3200 solis
1143 3137 1215 3220 igni

224 3243 401 3298 vexetur.»
429 3236 466 3311 (2)
493 3231 544 3295 Ad
572 3232 665 3295 codd.
692 3235 879 3315 scripturam
898 3237 1028 3318 propius
1047 3237 1213 3318 aliquanto

225 3331 369 3394 accedere
383 3344 516 3395 conatus
531 3351 614 3394 sum.

277 3493 293 3522 a
313 3462 510 3562 Quodque
527 3463 566 3536 in
595 3477 726 3538 nostro
753 3489 927 3565 corpore,
949 3466 979 3540 si
998 3469 1212 3543 minimum

223 3577 302 3651 sive
325 3578 473 3675 pruina
498 3579 580 3652 sive
608 3578 694 3676 igni
718 3592 881 3666 secatur,
919 3583 1125 3658 molestum
1141 3587 1209 3682 fit,

224 3714 294 3765 cur
313 3693 387 3767 hoc
404 3691 554 3768 idem...
576 3731 592 3761 „

258 3887 267 3952 (
271 3887 292 3951 1)
310 3905 325 3935 «
337 3889 453 3952 Quaero,
464 3889 557 3952 Balbe,
570 3905 620 3941 cur
630 3891 754 3942 Pronoea
767 3899 886 3944 vestra
898 3897 1076 3948 cessaverit.»
1088 3897 1106 3958 g
1118 3911 1157 3948 22.

257 3970 292 4034 (2)
312 3969 350 4020 De
363 3971 422 4024 Nat.
437 3971 516 4026 Deor.
531 3972 688 4040 Schulausg.
701 3975 767 4025 erkl.
787 3991 812 4025 v.
827 3975 861 4024 θ’
872 3976 905 4025 Α.
919 3975 1030 4030 Goethe.
1046 3978 1119 4044 Lips.
1137 3977 1208 4046 1887.
