3356 5040
512 611 714 663 nersromss
735 613 783 663 An
805 613 984 664 rrrrcurt.
1201 605 1238 666 53

253 799 291 861 de
306 819 371 881 quo
386 800 482 861 verbo
497 820 527 862 v.
547 799 716 880 Naegelsb.
737 801 807 862 Lat.
827 799 897 864 Stil.
912 804 971 878 52.
991 823 1016 862 r.
1034 801 1120 863 Huic
1134 802 1241 880 generi

253 901 425 980 opponitur
437 899 598 961 Ciceronis
611 900 747 960 Asiatica
759 901 870 979 magis,
881 898 929 960 vel
940 899 1103 980 popularis
1114 899 1238 962 dicendi

252 999 350 1072 ratio;
378 1010 408 1059 et
433 1017 468 1058 ea
494 1016 575 1079 quae
599 1019 611 1055 u
628 999 695 1060 sive
715 1007 812 1073 recte,
833 998 901 1060 sive
922 1018 985 1059 non
1007 1008 1120 1060 recten
1145 997 1236 1076 fiunt,

251 1115 352 1178 quum
367 1096 524 1159 voluntati
545 1097 755 1176 assignentur,
779 1096 911 1158 verbum
926 1097 1089 1178 quoddam
1111 1099 1238 1161 subesse

251 1198 403 1277 suspicor,
418 1216 483 1277 quo
498 1198 609 1260 Cicero
620 1196 731 1259 doceat
742 1198 785 1258 ita
800 1197 902 1258 dicere
916 1216 949 1258 se
962 1197 1002 1258 de
1018 1195 1189 1260 industria:
1201 1210 1236 1260 ut

250 1295 344 1356 scribi
367 1308 489 1377 possit:
510 1295 669 1358 «Scilicet
687 1314 745 1376 ego
767 1295 941 1357 consulto
967 1296 1054 1357 alius
1073 1315 1184 1361 sum...
1202 1319 1235 1371 »3

250 1394 303 1456 sed
319 1394 358 1456 ad
374 1395 554 1476 elegantius
569 1395 745 1474 respicienti
759 1395 836 1456 haec
850 1395 974 1475 potiora
989 1394 1135 1457 videntur
1152 1413 1160 1454 ε

301 1585 317 1615 κ
341 1554 524 1627 Consulto
542 1552 703 1627 solutior
722 1552 789 1626 illo
808 1575 943 1626 sum...
964 1589 980 1620 „

301 1669 357 1743 lb.
383 1701 399 1730 a
418 1670 674 1765 Quamquam
692 1690 841 1750 vereor,
853 1691 900 1740 ne
918 1665 1148 1762 cognomine
1166 1679 1234 1740 tuo

248 1787 392 1885 lapsus,
419 1793 612 1883 ὑπεροπτικὸς
632 1783 683 1857 sis
702 1782 741 1857 in
761 1781 982 1858 iudicando.
1004 1821 1020 1850 η

299 1931 315 1961 e
400 1924 448 1973 ne
466 1897 695 1996 cognomine
714 1912 780 1969 tuo
799 1907 979 1994 captus...
1004 1935 1020 1964 η

298 2016 355 2090 lb.
377 2050 392 2076 ‹-
411 2014 499 2099 Sed,
522 2013 553 2087 si
574 2010 826 2087 recordabere
844 2019 1051 2105 Δημοσθὲνους
1067 2011 1233 2086 fulmina

245 2146 328 2204 tum
362 2129 542 2228 intelliges
574 2152 686 2230 posse
718 2143 752 2202 et
782 2136 984 2201 Αττικώτατα
1009 2127 1233 2225 gravissime

244 2240 334 2316 dici.
356 2278 372 2308 n

286 2416 334 2478 Ex
348 2416 398 2488 iis,
416 2435 498 2498 quae
514 2418 559 2481 H.
589 2419 622 2482 S.
649 2425 759 2484 Anton
786 2419 889 2499 (stud.
917 2438 945 2480 z.
974 2417 1097 2495 Antib.)
1119 2415 1229 2497 dispu-

243 2517 332 2590 tavit,
349 2518 413 2578 iam
438 2530 636 2600 perspectum
657 2521 884 2601 cognitumque
906 2528 984 2598 puto
999 2515 1187 2598 particulam
1202 2524 1233 2576 et

242 2633 301 2694 pro
330 2616 426 2678 etiam
460 2636 587 2698 perraro
613 2638 630 2678 a
657 2618 810 2681 Cicerone
838 2616 993 2695 adhiberi,
1031 2613 1231 2679 Αττικώτατα

241 2714 338 2793 igitur
352 2735 418 2777 esse
432 2715 628 2778 adverbium.

294 2893 310 2923 a
327 2861 417 2935 Iam
445 2861 626 2959 intelliges
657 2890 770 2964 posse
800 2880 835 2938 et
862 2873 1061 2938 Λττικώτατα
1083 2875 1120 2937 et
1146 2884 1227 2960 gra·

240 2973 400 3050 vissime
417 2975 507 3053 dici.
528 3013 544 3041 n

288 3090 370 3164 XV.
407 3093 442 3166 8.
487 3117 518 3166 1.
556 3124 572 3155 a
596 3095 800 3193 Exspectat
823 3094 994 3179 animus,
1032 3092 1222 3192 quidnam

239 3227 349 3302 agam
368 3204 416 3278 de
434 3206 585 3281 kalend.
606 3209 770 3285 Martiis.
790 3209 883 3286 Misi
903 3208 1016 3307 igitur
1033 3207 1223 3283 Tironem

238 3332 274 3391 et
291 3341 381 3393 cum
396 3320 545 3396 Tirone
561 3325 705 3422 plures,
722 3325 867 3424 quibus
883 3321 1101 3422 singulis,ut
1113 3319 1225 3420 quid·

238 3455 315 3531 que
332 3433 547 3522 accidisset,
568 3437 680 3514 dares
701 3438 855 3515 litteras.
878 3479 894 3508 n

291 3551 516 3652 «Exspecto
543 3580 568 3629 α
598 3567 636 3630 te
661 3555 788 3639 nimis,
809 3554 998 3655 quidnam
1027 3554 1221 3653 agendum

236 3664 311 3738 kal.
334 3668 534 3745 Martiis...
555 3708 571 3739 „

285 3781 369 3856 XV.
389 3805 429 3877 4.
453 3809 488 3859 a.
513 3810 547 3861 2.
582 3786 841 3863 «Redeamus
871 3784 997 3885 igitur,
1032 3783 1218 3884 quoniam

235 3919 348 3994 saepe
368 3921 546 4000 usurpas,
577 3902 627 3977 ad
655 3903 900 3978 Tusculanas
927 3899 1218 4001 disputationes.

236 4011 435 4087 Saufeium
467 4039 536 4114 per
570 4030 606 4090 te
642 4019 812 4092 celemus
850 4046 858 4091 :
897 4041 965 4115 ego
1000 4037 1219 4114 numquam

235 4122 428 4203 indicabo.
450 4165 466 4197 2
