3356 5040
662 608 731 660 cru.
757 609 795 660 u.
1208 619 1227 684 9

288 775 415 851 XVII.
438 777 495 871 54.
519 805 535 835 κ
558 777 638 852 Cur
667 776 706 851 id
734 776 862 876 potius
886 778 1164 854 contenditis...
1186 795 1228 854 ut

241 887 380 966 nonin
408 914 478 963 suo
505 890 679 989 quidque
703 916 841 990 genere
869 893 916 969 sit
933 895 1006 968 tale
1023 895 1138 993 quale
1156 910 1225 980 est,

241 1027 311 1080 nec
327 1003 375 1078 sit
405 1003 444 1079 in
468 1004 624 1080 duobus
649 1023 715 1081 aut
741 1007 921 1107 pluribus
941 1010 1048 1085 nulla
1065 1034 1106 1084 re
1123 1009 1230 1085 diffe-

241 1143 329 1194 rens
359 1121 439 1194 ulla
470 1121 754 1198 communitas?
787 1125 840 1201 Ut
872 1123 944 1197 sibi
980 1123 1054 1198 sint
1089 1139 1125 1198 et
1155 1149 1230 1198 ova

241 1258 406 1310 ovorum
429 1250 464 1308 et
481 1259 572 1334 apes
590 1236 725 1336 apium
746 1235 978 1312 simillimae.
1002 1274 1018 1302 n

282 1397 333 1462 Cf.
352 1400 451 1480 Legg.
471 1398 514 1461 ll.
530 1422 562 1482 7,
585 1423 631 1482 ¹7·
658 1422 671 1459 u
688 1400 760 1462 Nisi
782 1399 875 1481 plane
896 1418 963 1460 esse
984 1399 1096 1461 vellem
1111 1418 1228 1461 meus»

240 1510 270 1561 et
286 1519 300 1556 u
315 1499 363 1560 Te
378 1517 444 1559 esse
459 1498 544 1559 malo
560 1509 649 1560 tuum
666 1521 703 1574 u;
723 1499 828 1562 Plaut.
853 1497 1015 1579 Amphitr.
1042 1499 1067 1573 Ι,
1097 1520 1123 1572 1,
1142 1500 1201 1578 243
1219 1521 1227 1561 :

240 1595 363 1660 «Certe
388 1595 499 1677 edepol
524 1608 560 1660 tu
585 1616 635 1658 me
657 1596 808 1658 alienabis
829 1615 996 1679 nunquam
1018 1597 1096 1678 quin
1122 1606 1231 1658 noster

241 1714 330 1758 stem.
345 1719 363 1752 »

293 1863 310 1894 a
331 1836 416 1908 Nec
447 1833 494 1908 sit
525 1833 565 1908 in
597 1833 754 1910 duobus
784 1852 850 1909 aut
880 1833 1060 1932 pluribus
1088 1834 1168 1909 ulla
1187 1858 1229 1908 re

241 1941 423 2016 differens
443 1942 513 2017 illa
532 1941 808 2027 communitas,
834 1965 905 2015 nec
921 1965 991 2016 sua
1011 1939 1086 2015 sint
1104 1955 1140 2014 et
1156 1964 1231 2014 ova

240 2073 276 2131 et
293 2082 384 2155 apes
403 2057 538 2157 apium
558 2057 792 2132 simillimae.
818 2095 834 2125 „

156 2222 159 2230 ·
289 2172 437 2246 XVlll.
456 2173 514 2245 56.
535 2205 550 2233 u
572 2169 753 2245 Primum
768 2168 926 2269 quidem
944 2195 1007 2244 me
1022 2169 1071 2244 ad
1087 2172 1229 2244 Demo·

242 2285 384 2360 critum
408 2310 545 2372 vocas;
584 2271 647 2362 cui
688 2310 767 2358 non
800 2283 994 2358 adsentior
1024 2283 1231 2382 potiusque

241 2400 393 2475 refellor
426 2417 547 2501 potest
577 2399 631 2483 id,
669 2398 776 2499 quod
812 2397 981 2473 dilucide
1018 2396 1177 2473 docetur
1207 2423 1230 2472 a

239 2515 486 2614 politioribus
504 2514 690 2616 physicis.
715 2551 731 2580 n

280 2705 320 2717 -
335 2669 457 2732 Adnot.
483 2671 552 2732 crit.
580 2669 724 2752 resallor
748 2668 796 2746 (V,
826 2667 962 2750 refellat
981 2672 1022 2743 A,
1039 2666 1157 2749 fallor
1178 2667 1229 2745 B,l

231 2778 338 2850 potest
352 2768 444 2831 codd.
462 2767 558 2846 Quod
582 2770 677 2830 scribi
698 2767 777 2830 solet
794 2788 802 2830 :
819 2766 938 2847 refello
946 2775 1096 2847 propter,
1115 2765 1227 2830 Halm.

239 2885 367 2950 quoque
381 2881 504 2931 veretur
528 2880 564 2931 ut
587 2882 667 2930 recte
688 2877 863 2929 correctum
886 2866 936 2937 sit,
961 2864 1040 2926 mihi
1059 2864 1230 2926 subabsur-

238 2964 318 3028 dum
332 2965 468 3029 videtur.
485 3002 528 3014 -

289 3137 307 3168 ν
329 3102 404 3178 Cui
423 3127 501 3179 non
519 3101 728 3188 adsentior,
758 3113 1020 3200 quatenusque
1047 3102 1088 3176 in
1116 3125 1162 3177 ea
1186 3127 1228 3176 re

234 3217 402 3310 fallatur
419 3219 547 3307 homa,
568 3228 730 3292 testatur
747 3217 800 3304 id,
823 3217 976 3316 quod...
1001 3252 1016 3280 u

287 3335 409 3412 XXV.
429 3357 486 3431 79.
506 3364 522 3393 κ
539 3336 704 3410 Veraces
722 3357 836 3408 sanos
855 3357 936 3407 esse
955 3356 1090 3407 sensus
1108 3332 1225 3419 dicis;

239 3445 352 3545 igitur
366 3473 518 3547 semper
532 3463 728 3523 auctorem
749 3449 868 3522 habes
886 3473 991 3534 eum,
1004 3447 1071 3547 qui
1087 3473 1226 3546 magno

240 3587 311 3635 suo
342 3561 515 3659 periculo
542 3587 701 3639 causam
733 3578 861 3660 agat...
894 3565 983 3638 Hoc
1011 3579 1065 3637 est
1087 3587 1226 3639 verum

239 3701 333 3764 esse,
353 3677 547 3753 confidere
566 3678 645 3752 suis
664 3677 822 3753 testibus
841 3692 875 3752 et
893 3677 1100 3777 importata
1118 3677 1229 3780 insis-v

239 3797 334 3867 tere!
355 3831 372 3861 2,
740 3805 742 3809 ’

292 3906 450 4005 «Igitur
480 3932 633 4007 semper
664 3921 863 3984 auctorem
892 3909 1013 3982 habes
1030 3932 1135 3993 eum,
1157 3905 1225 4005 qui

240 4044 380 4118 magno
410 4023 496 4096 siue
525 4021 699 4120 periculo
722 4044 881 4096 causam
907 4037 1034 4118 agat...
1065 4024 1153 4096 Hoc
1171 4036 1226 4095 est
