<?xml version="1.0" encoding="UTF-8"?>
<!DOCTYPE html PUBLIC "-//W3C//DTD XHTML 1.0 Transitional//EN"
    "http://www.w3.org/TR/xhtml1/DTD/xhtml1-transitional.dtd">
<html xmlns="http://www.w3.org/1999/xhtml" xml:lang="en" lang="en">
 <head>
  <title>
</title>
<meta http-equiv="Content-Type" content="text/html;charset=utf-8" />
  <meta name='ocr-system' content='tesseract 3.04.00' />
  <meta name='ocr-capabilities' content='ocr_page ocr_carea ocr_par ocr_line ocrx_word'/>
</head>
<body>
  <div class='ocr_page' id='page_1' title='image "./emendationestul00spangoog_0052.png"; bbox 0 0 3356 5040; ppageno 0'>
   <div class='ocr_carea' id='block_1_1' title="bbox 440 537 1180 622">
    <p class='ocr_par' dir='ltr' id='par_1_1' title="bbox 440 537 1180 622">
     <span class='ocr_line' id='line_1_1' title="bbox 440 537 1180 622; baseline -0.007 -20"><span class='ocrx_word' id='word_1_1' title='bbox 440 548 642 622; x_wconf 61' lang='lat' dir='ltr'>sulsroullu</span> <span class='ocrx_word' id='word_1_2' title='bbox 664 548 712 600; x_wconf 79' lang='lat' dir='ltr'>Ab</span> <span class='ocrx_word' id='word_1_3' title='bbox 735 546 924 599; x_wconf 84' lang='lat' dir='ltr'>DlVERSOS.</span> <span class='ocrx_word' id='word_1_4' title='bbox 1143 537 1180 619; x_wconf 84' lang='lat'>39</span> 
     </span>
    </p>
   </div>
   <div class='ocr_carea' id='block_1_2' title="bbox 189 712 1179 1151">
    <p class='ocr_par' dir='ltr' id='par_1_2' title="bbox 189 712 1179 1026">
     <span class='ocr_line' id='line_1_2' title="bbox 191 712 1179 818; baseline -0.005 -23"><span class='ocrx_word' id='word_1_5' title='bbox 191 743 262 795; x_wconf 93' lang='lat' dir='ltr'>nec</span> <span class='ocrx_word' id='word_1_6' title='bbox 278 715 550 818; x_wconf 89' lang='lat' dir='ltr'>persuadendo</span> <span class='ocrx_word' id='word_1_7' title='bbox 569 739 639 792; x_wconf 93' lang='lat' dir='ltr'>nec</span> <span class='ocrx_word' id='word_1_8' title='bbox 656 713 827 812; x_wconf 92' lang='lat' dir='ltr'>cogendo</span> <span class='ocrx_word' id='word_1_9' title='bbox 842 712 918 811; x_wconf 91' lang='lat' dir='ltr'>regi</span> <span class='ocrx_word' id='word_1_10' title='bbox 934 738 1045 813; x_wconf 89' lang='lat' dir='ltr'>posse</span> <span class='ocrx_word' id='word_1_11' title='bbox 1061 713 1179 790; x_wconf 86' lang='lat' dir='ltr'>vidis-</span> 
     </span>
     <span class='ocr_line' id='line_1_3' title="bbox 191 827 1177 934; baseline -0.008 -22"><span class='ocrx_word' id='word_1_12' title='bbox 191 850 246 912; x_wconf 86' lang='lat' dir='ltr'>set</span> <span class='ocrx_word' id='word_1_13' title='bbox 267 864 274 910; x_wconf 94' lang='lat'>:</span> <span class='ocrx_word' id='word_1_14' title='bbox 297 847 339 909; x_wconf 86' lang='lat' dir='ltr'>ut</span> <span class='ocrx_word' id='word_1_15' title='bbox 351 832 414 910; x_wconf 87' lang='lat' dir='ltr'>cui</span> <span class='ocrx_word' id='word_1_16' title='bbox 430 831 655 934; x_wconf 86' lang='lat' dir='ltr'>persuaderi</span> <span class='ocrx_word' id='word_1_17' title='bbox 672 854 787 930; x_wconf 92' lang='lat' dir='ltr'>posse</span> <span class='ocrx_word' id='word_1_18' title='bbox 806 827 1011 914; x_wconf 86' lang='lat' dir='ltr'>diffideret,</span> <span class='ocrx_word' id='word_1_19' title='bbox 1021 828 1105 927; x_wconf 91' lang='lat' dir='ltr'>cogi</span> <span class='ocrx_word' id='word_1_20' title='bbox 1119 829 1177 906; x_wconf 86' lang='lat' dir='ltr'>fas</span> 
     </span>
     <span class='ocr_line' id='line_1_4' title="bbox 189 947 701 1026; baseline -0.02 0"><span class='ocrx_word' id='word_1_21' title='bbox 189 975 277 1026; x_wconf 87' lang='lat' dir='ltr'>eum</span> <span class='ocrx_word' id='word_1_22' title='bbox 297 973 376 1025; x_wconf 90' lang='lat' dir='ltr'>non</span> <span class='ocrx_word' id='word_1_23' title='bbox 400 947 664 1023; x_wconf 85' lang='lat' dir='ltr'>arbitraretur.</span> <span class='ocrx_word' id='word_1_24' title='bbox 686 984 701 1014; x_wconf 63' lang='lat' dir='ltr'><em>n</em></span> 
     </span>
    </p>

    <p class='ocr_par' dir='ltr' id='par_1_3' title="bbox 241 1057 1176 1151">
     <span class='ocr_line' id='line_1_5' title="bbox 241 1057 1176 1151; baseline -0.006 -11"><span class='ocrx_word' id='word_1_25' title='bbox 241 1067 291 1141; x_wconf 93' lang='lat'>11.</span> <span class='ocrx_word' id='word_1_26' title='bbox 320 1089 352 1151; x_wconf 91' lang='lat'>1,</span> <span class='ocrx_word' id='word_1_27' title='bbox 380 1089 410 1138; x_wconf 90' lang='lat'>1.</span> <span class='ocrx_word' id='word_1_28' title='bbox 449 1098 465 1127; x_wconf 66' lang='lat' dir='ltr'>a</span> <span class='ocrx_word' id='word_1_29' title='bbox 483 1065 577 1138; x_wconf 92' lang='lat' dir='ltr'>Non</span> <span class='ocrx_word' id='word_1_30' title='bbox 601 1060 706 1138; x_wconf 89' lang='lat' dir='ltr'>enim</span> <span class='ocrx_word' id='word_1_31' title='bbox 730 1084 880 1148; x_wconf 89' lang='lat' dir='ltr'>vereor,</span> <span class='ocrx_word' id='word_1_32' title='bbox 910 1084 959 1135; x_wconf 91' lang='lat' dir='ltr'>ne</span> <span class='ocrx_word' id='word_1_33' title='bbox 986 1083 1066 1134; x_wconf 91' lang='lat' dir='ltr'>non</span> <span class='ocrx_word' id='word_1_34' title='bbox 1086 1057 1176 1135; x_wconf 91' lang='lat' dir='ltr'>scri-</span> 
     </span>
    </p>
   </div>
   <div class='ocr_carea' id='block_1_3' title="bbox 190 1179 1175 1381">
    <p class='ocr_par' dir='ltr' id='par_1_4' title="bbox 190 1179 1175 1381">
     <span class='ocr_line' id='line_1_6' title="bbox 190 1179 616 1279; baseline -0.021 -23"><span class='ocrx_word' id='word_1_35' title='bbox 190 1180 319 1256; x_wconf 91' lang='lat' dir='ltr'>bendo</span> <span class='ocrx_word' id='word_1_36' title='bbox 336 1197 372 1256; x_wconf 91' lang='lat' dir='ltr'>te</span> <span class='ocrx_word' id='word_1_37' title='bbox 390 1179 579 1279; x_wconf 88' lang='lat' dir='ltr'>expleam.</span> <span class='ocrx_word' id='word_1_38' title='bbox 601 1216 616 1246; x_wconf 64' lang='lat' dir='ltr'><em>n</em></span> 
     </span>
     <span class='ocr_line' id='line_1_7' title="bbox 241 1287 1175 1381; baseline -0.009 -9"><span class='ocrx_word' id='word_1_39' title='bbox 241 1328 257 1356; x_wconf 66' lang='lat' dir='ltr'><em>u</em></span> <span class='ocrx_word' id='word_1_40' title='bbox 279 1298 371 1372; x_wconf 91' lang='lat' dir='ltr'>Non</span> <span class='ocrx_word' id='word_1_41' title='bbox 396 1294 502 1370; x_wconf 88' lang='lat' dir='ltr'>enim</span> <span class='ocrx_word' id='word_1_42' title='bbox 530 1317 680 1381; x_wconf 85' lang='lat' dir='ltr'>vereor,</span> <span class='ocrx_word' id='word_1_43' title='bbox 709 1317 756 1367; x_wconf 92' lang='lat' dir='ltr'>ne</span> <span class='ocrx_word' id='word_1_44' title='bbox 781 1291 950 1367; x_wconf 89' lang='lat' dir='ltr'>nimium</span> <span class='ocrx_word' id='word_1_45' title='bbox 970 1287 1175 1367; x_wconf 91' lang='lat' dir='ltr'>scribendo</span> 
     </span>
    </p>
   </div>
   <div class='ocr_carea' id='block_1_4' title="bbox 186 1412 1177 1739">
    <p class='ocr_par' dir='ltr' id='par_1_5' title="bbox 186 1412 1177 1739">
     <span class='ocr_line' id='line_1_8' title="bbox 189 1412 470 1511; baseline -0.028 -25"><span class='ocrx_word' id='word_1_46' title='bbox 189 1425 225 1487; x_wconf 91' lang='lat' dir='ltr'>te</span> <span class='ocrx_word' id='word_1_47' title='bbox 242 1412 432 1511; x_wconf 83' lang='lat' dir='ltr'>oppleam.</span> <span class='ocrx_word' id='word_1_48' title='bbox 454 1447 470 1477; x_wconf 64' lang='lat' dir='ltr'><em>n</em></span> 
     </span>
     <span class='ocr_line' id='line_1_9' title="bbox 240 1520 1177 1622; baseline -0.004 -21"><span class='ocrx_word' id='word_1_49' title='bbox 240 1527 292 1601; x_wconf 92' lang='lat' dir='ltr'>ll.</span> <span class='ocrx_word' id='word_1_50' title='bbox 313 1549 348 1622; x_wconf 89' lang='lat'>7.</span> <span class='ocrx_word' id='word_1_51' title='bbox 370 1527 403 1600; x_wconf 81' lang='lat'>3.</span> <span class='ocrx_word' id='word_1_52' title='bbox 429 1556 445 1583; x_wconf 62' lang='grc' dir='ltr'><strong><em>α</em></strong></span> <span class='ocrx_word' id='word_1_53' title='bbox 464 1523 665 1619; x_wconf 84' lang='lat' dir='ltr'>Quoniam</span> <span class='ocrx_word' id='word_1_54' title='bbox 685 1546 777 1597; x_wconf 92' lang='lat' dir='ltr'>sane</span> <span class='ocrx_word' id='word_1_55' title='bbox 796 1520 954 1596; x_wconf 71' lang='lat' dir='ltr'>feliciter</span> <span class='ocrx_word' id='word_1_56' title='bbox 972 1535 1007 1595; x_wconf 92' lang='lat' dir='ltr'>et</span> <span class='ocrx_word' id='word_1_57' title='bbox 1026 1546 1071 1596; x_wconf 89' lang='lat' dir='ltr'>ex</span> <span class='ocrx_word' id='word_1_58' title='bbox 1090 1545 1177 1597; x_wconf 90' lang='lat' dir='ltr'>mea</span> 
     </span>
     <span class='ocr_line' id='line_1_10' title="bbox 186 1636 981 1739; baseline -0.009 -23"><span class='ocrx_word' id='word_1_59' title='bbox 186 1640 373 1716; x_wconf 87' lang='lat' dir='ltr'>sententia</span> <span class='ocrx_word' id='word_1_60' title='bbox 392 1663 473 1714; x_wconf 91' lang='lat' dir='ltr'>rem</span> <span class='ocrx_word' id='word_1_61' title='bbox 494 1638 691 1739; x_wconf 86' lang='lat' dir='ltr'>publicam</span> <span class='ocrx_word' id='word_1_62' title='bbox 711 1636 944 1734; x_wconf 87' lang='lat' dir='ltr'>gessimus...</span> <span class='ocrx_word' id='word_1_63' title='bbox 965 1671 981 1702; x_wconf 70' lang='lat' dir='ltr'>n</span> 
     </span>
    </p>
   </div>
   <div class='ocr_carea' id='block_1_5' title="bbox 186 1803 1180 2583">
    <p class='ocr_par' dir='ltr' id='par_1_6' title="bbox 186 1803 1180 2583">
     <span class='ocr_line' id='line_1_11' title="bbox 229 1803 1176 1886; baseline -0.002 -17"><span class='ocrx_word' id='word_1_64' title='bbox 229 1843 269 1853; x_wconf 94' lang='lat'>—</span> <span class='ocrx_word' id='word_1_65' title='bbox 286 1808 381 1869; x_wconf 90' lang='lat' dir='ltr'>Recte</span> <span class='ocrx_word' id='word_1_66' title='bbox 398 1807 435 1868; x_wconf 92' lang='lat' dir='ltr'>L.</span> <span class='ocrx_word' id='word_1_67' title='bbox 455 1804 647 1870; x_wconf 89' lang='lat' dir='ltr'>Schraderus</span> <span class='ocrx_word' id='word_1_68' title='bbox 673 1804 819 1886; x_wconf 91' lang='lat' dir='ltr'>probavit</span> <span class='ocrx_word' id='word_1_69' title='bbox 835 1805 990 1866; x_wconf 90' lang='lat' dir='ltr'>Ursinum</span> <span class='ocrx_word' id='word_1_70' title='bbox 1006 1803 1176 1884; x_wconf 87' lang='lat' dir='ltr'>publicam</span> 
     </span>
     <span class='ocr_line' id='line_1_12' title="bbox 189 1903 1177 1986; baseline -0.003 -18"><span class='ocrx_word' id='word_1_71' title='bbox 189 1904 356 1980; x_wconf 86' lang='lat' dir='ltr'>delentem,</span> <span class='ocrx_word' id='word_1_72' title='bbox 373 1907 503 1986; x_wconf 91' lang='lat' dir='ltr'>ipseque</span> <span class='ocrx_word' id='word_1_73' title='bbox 514 1905 629 1967; x_wconf 90' lang='lat' dir='ltr'>sustuli</span> <span class='ocrx_word' id='word_1_74' title='bbox 643 1923 726 1966; x_wconf 89' lang='lat' dir='ltr'>mea.</span> <span class='ocrx_word' id='word_1_75' title='bbox 746 1903 840 1965; x_wconf 91' lang='lat' dir='ltr'>Boot.</span> <span class='ocrx_word' id='word_1_76' title='bbox 858 1923 890 1984; x_wconf 94' lang='lat' dir='ltr'>p.</span> <span class='ocrx_word' id='word_1_77' title='bbox 908 1905 938 1966; x_wconf 88' lang='lat'>6.</span> <span class='ocrx_word' id='word_1_78' title='bbox 950 1937 991 1949; x_wconf 92' lang='lat'><em>—</em></span> <span class='ocrx_word' id='word_1_79' title='bbox 1004 1903 1177 1965; x_wconf 86' lang='lat' dir='ltr'>Publicam</span> 
     </span>
     <span class='ocr_line' id='line_1_13' title="bbox 187 2001 1180 2085; baseline -0.002 -19"><span class='ocrx_word' id='word_1_80' title='bbox 187 2002 295 2066; x_wconf 90' lang='lat' dir='ltr'>induci</span> <span class='ocrx_word' id='word_1_81' title='bbox 311 2022 376 2065; x_wconf 93' lang='lat' dir='ltr'>non</span> <span class='ocrx_word' id='word_1_82' title='bbox 391 2004 545 2084; x_wconf 86' lang='lat' dir='ltr'>oportuit.</span> <span class='ocrx_word' id='word_1_83' title='bbox 564 2003 655 2066; x_wconf 83' lang='lat' dir='ltr'>Caes.</span> <span class='ocrx_word' id='word_1_84' title='bbox 676 2002 714 2064; x_wconf 91' lang='lat' dir='ltr'>B.</span> <span class='ocrx_word' id='word_1_85' title='bbox 729 2001 767 2065; x_wconf 92' lang='lat' dir='ltr'>C.</span> <span class='ocrx_word' id='word_1_86' title='bbox 788 2001 813 2064; x_wconf 89' lang='lat'>1.</span> <span class='ocrx_word' id='word_1_87' title='bbox 827 2025 859 2085; x_wconf 83' lang='lat'>7.</span> <span class='ocrx_word' id='word_1_88' title='bbox 876 2004 917 2065; x_wconf 86' lang='lat'>6:</span> <span class='ocrx_word' id='word_1_89' title='bbox 934 2002 1026 2064; x_wconf 84' lang='lat' dir='ltr'>cuius</span> <span class='ocrx_word' id='word_1_90' title='bbox 1041 2002 1180 2084; x_wconf 83' lang='lat' dir='ltr'>impera·</span> 
     </span>
     <span class='ocr_line' id='line_1_14' title="bbox 188 2100 1179 2184; baseline 0 -19"><span class='ocrx_word' id='word_1_91' title='bbox 188 2103 270 2165; x_wconf 83' lang='lat' dir='ltr'>toris</span> <span class='ocrx_word' id='word_1_92' title='bbox 283 2102 382 2164; x_wconf 82' lang='lat' dir='ltr'>ductu</span> <span class='ocrx_word' id='word_1_93' title='bbox 397 2103 455 2164; x_wconf 87' lang='lat' dir='ltr'>IX</span> <span class='ocrx_word' id='word_1_94' title='bbox 466 2102 562 2165; x_wconf 85' lang='lat' dir='ltr'>annis</span> <span class='ocrx_word' id='word_1_95' title='bbox 575 2100 851 2182; x_wconf 82' lang='lat' dir='ltr'>rempublicam</span> <span class='ocrx_word' id='word_1_96' title='bbox 864 2101 1062 2183; x_wconf 70' lang='lat' dir='ltr'>felicissime</span> <span class='ocrx_word' id='word_1_97' title='bbox 1072 2120 1179 2184; x_wconf 83' lang='lat' dir='ltr'>gesse·</span> 
     </span>
     <span class='ocr_line' id='line_1_15' title="bbox 186 2199 1176 2283; baseline 0.003 -20"><span class='ocrx_word' id='word_1_98' title='bbox 186 2202 264 2275; x_wconf 88' lang='lat' dir='ltr'>rint,</span> <span class='ocrx_word' id='word_1_99' title='bbox 274 2202 488 2283; x_wconf 82' lang='lat' dir='ltr'>plurimaque</span> <span class='ocrx_word' id='word_1_100' title='bbox 501 2201 636 2281; x_wconf 86' lang='lat' dir='ltr'>praelia</span> <span class='ocrx_word' id='word_1_101' title='bbox 656 2199 799 2262; x_wconf 88' lang='lat' dir='ltr'>secunda</span> <span class='ocrx_word' id='word_1_102' title='bbox 809 2200 952 2281; x_wconf 85' lang='lat' dir='ltr'>fecerint</span> <span class='ocrx_word' id='word_1_103' title='bbox 968 2237 1010 2248; x_wconf 93' lang='lat'>-</span> <span class='ocrx_word' id='word_1_104' title='bbox 1023 2213 1054 2264; x_wconf 95' lang='lat' dir='ltr'>et</span> <span class='ocrx_word' id='word_1_105' title='bbox 1068 2202 1112 2265; x_wconf 92' lang='lat' dir='ltr'>ib.</span> <span class='ocrx_word' id='word_1_106' title='bbox 1133 2202 1176 2266; x_wconf 89' lang='lat' dir='ltr'>ll.</span> 
     </span>
     <span class='ocr_line' id='line_1_16' title="bbox 191 2298 1177 2382; baseline 0.001 -20"><span class='ocrx_word' id='word_1_107' title='bbox 191 2303 238 2374; x_wconf 88' lang='lat'>18,</span> <span class='ocrx_word' id='word_1_108' title='bbox 260 2321 282 2382; x_wconf 92' lang='lat'>4</span> <span class='ocrx_word' id='word_1_109' title='bbox 304 2323 311 2362; x_wconf 75' lang='grc' dir='ltr'><strong>ι</strong></span> <span class='ocrx_word' id='word_1_110' title='bbox 334 2323 351 2358; x_wconf 83' lang='lat' dir='ltr'>&lt;t</span> <span class='ocrx_word' id='word_1_111' title='bbox 371 2299 416 2361; x_wconf 84' lang='lat' dir='ltr'>ad</span> <span class='ocrx_word' id='word_1_112' title='bbox 440 2318 509 2362; x_wconf 86' lang='lat' dir='ltr'>rem</span> <span class='ocrx_word' id='word_1_113' title='bbox 525 2320 563 2380; x_wconf 87' lang='lat' dir='ltr'>p.</span> <span class='ocrx_word' id='word_1_114' title='bbox 587 2298 895 2375; x_wconf 81' lang='lat' dir='ltr'>administrandam,</span> <span class='ocrx_word' id='word_1_115' title='bbox 916 2322 987 2358; x_wconf 79' lang='lat' dir='ltr'>l=</span> <span class='ocrx_word' id='word_1_116' title='bbox 1001 2299 1042 2362; x_wconf 92' lang='lat' dir='ltr'>ad</span> <span class='ocrx_word' id='word_1_117' title='bbox 1059 2300 1177 2363; x_wconf 90' lang='lat' dir='ltr'>bellurn</span> 
     </span>
     <span class='ocr_line' id='line_1_17' title="bbox 186 2398 1176 2484; baseline -0.002 -20"><span class='ocrx_word' id='word_1_118' title='bbox 186 2400 370 2483; x_wconf 87' lang='lat' dir='ltr'>gerendum.</span> <span class='ocrx_word' id='word_1_119' title='bbox 390 2400 512 2474; x_wconf 89' lang='lat' dir='ltr'>Cicero,</span> <span class='ocrx_word' id='word_1_120' title='bbox 523 2411 559 2462; x_wconf 93' lang='lat' dir='ltr'>ut</span> <span class='ocrx_word' id='word_1_121' title='bbox 573 2411 629 2472; x_wconf 88' lang='lat' dir='ltr'>est,</span> <span class='ocrx_word' id='word_1_122' title='bbox 645 2418 710 2460; x_wconf 92' lang='lat' dir='ltr'>non</span> <span class='ocrx_word' id='word_1_123' title='bbox 725 2399 834 2461; x_wconf 88' lang='lat' dir='ltr'>omnia</span> <span class='ocrx_word' id='word_1_124' title='bbox 849 2398 1007 2476; x_wconf 85' lang='lat' dir='ltr'>fortunae,</span> <span class='ocrx_word' id='word_1_125' title='bbox 1021 2400 1082 2462; x_wconf 89' lang='lat' dir='ltr'>sibi</span> <span class='ocrx_word' id='word_1_126' title='bbox 1094 2420 1176 2484; x_wconf 91' lang='lat' dir='ltr'>quo·</span> 
     </span>
     <span class='ocr_line' id='line_1_18' title="bbox 186 2497 654 2583; baseline -0.004 -20"><span class='ocrx_word' id='word_1_127' title='bbox 186 2520 248 2583; x_wconf 90' lang='lat' dir='ltr'>que</span> <span class='ocrx_word' id='word_1_128' title='bbox 262 2499 383 2582; x_wconf 89' lang='lat' dir='ltr'>aliquid</span> <span class='ocrx_word' id='word_1_129' title='bbox 398 2498 467 2561; x_wconf 89' lang='lat' dir='ltr'>vult</span> <span class='ocrx_word' id='word_1_130' title='bbox 482 2497 654 2580; x_wconf 88' lang='lat' dir='ltr'>adsignari.</span> 
     </span>
    </p>
   </div>
   <div class='ocr_carea' id='block_1_6' title="bbox 184 2645 1177 3554">
    <p class='ocr_par' dir='ltr' id='par_1_7' title="bbox 186 2645 1177 2860">
     <span class='ocr_line' id='line_1_19' title="bbox 238 2645 1177 2747; baseline 0.005 -27"><span class='ocrx_word' id='word_1_131' title='bbox 238 2678 255 2710; x_wconf 72' lang='grc' dir='ltr'><strong><em>ι</em></strong></span> <span class='ocrx_word' id='word_1_132' title='bbox 275 2645 476 2743; x_wconf 88' lang='lat' dir='ltr'>Quoniam</span> <span class='ocrx_word' id='word_1_133' title='bbox 495 2671 587 2722; x_wconf 91' lang='lat' dir='ltr'>sane</span> <span class='ocrx_word' id='word_1_134' title='bbox 605 2646 761 2723; x_wconf 88' lang='lat' dir='ltr'>feliciter</span> <span class='ocrx_word' id='word_1_135' title='bbox 785 2663 819 2722; x_wconf 91' lang='lat' dir='ltr'>et</span> <span class='ocrx_word' id='word_1_136' title='bbox 841 2649 990 2724; x_wconf 85' lang='lat' dir='ltr'>eximie</span> <span class='ocrx_word' id='word_1_137' title='bbox 1005 2650 1068 2747; x_wconf 82' lang='grc' dir='ltr'>(ι),</span> <span class='ocrx_word' id='word_1_138' title='bbox 1090 2672 1177 2726; x_wconf 90' lang='lat' dir='ltr'>mea</span> 
     </span>
     <span class='ocr_line' id='line_1_20' title="bbox 186 2749 1163 2860; baseline -0.007 -23"><span class='ocrx_word' id='word_1_139' title='bbox 186 2761 384 2845; x_wconf 90' lang='lat' dir='ltr'>sententia.</span> <span class='ocrx_word' id='word_1_140' title='bbox 406 2786 487 2836; x_wconf 92' lang='lat' dir='ltr'>rem</span> <span class='ocrx_word' id='word_1_141' title='bbox 507 2761 706 2860; x_wconf 86' lang='lat' dir='ltr'>publicam</span> <span class='ocrx_word' id='word_1_142' title='bbox 721 2761 924 2860; x_wconf 87' lang='lat' dir='ltr'>gessimus.</span> <span class='ocrx_word' id='word_1_143' title='bbox 946 2799 963 2830; x_wconf 62' lang='lat' dir='ltr'>a</span> <span class='ocrx_word' id='word_1_144' title='bbox 1160 2749 1163 2758; x_wconf 73' lang='grc'>’</span> 
     </span>
    </p>

    <p class='ocr_par' dir='ltr' id='par_1_8' title="bbox 184 2877 1174 3208">
     <span class='ocr_line' id='line_1_21' title="bbox 238 2877 1172 2976; baseline 0.002 -24"><span class='ocrx_word' id='word_1_145' title='bbox 238 2878 288 2952; x_wconf 91' lang='lat' dir='ltr'>ll.</span> <span class='ocrx_word' id='word_1_146' title='bbox 306 2901 342 2974; x_wconf 88' lang='lat'>9,</span> <span class='ocrx_word' id='word_1_147' title='bbox 366 2901 397 2951; x_wconf 91' lang='grc' dir='ltr'>ι.</span> <span class='ocrx_word' id='word_1_148' title='bbox 422 2909 438 2939; x_wconf 72' lang='grc' dir='ltr'>κ</span> <span class='ocrx_word' id='word_1_149' title='bbox 507 2879 652 2976; x_wconf 90' lang='lat' dir='ltr'>quibus</span> <span class='ocrx_word' id='word_1_150' title='bbox 665 2877 795 2953; x_wconf 86' lang='lat' dir='ltr'>verbis</span> <span class='ocrx_word' id='word_1_151' title='bbox 809 2877 878 2953; x_wconf 93' lang='lat' dir='ltr'>tibi</span> <span class='ocrx_word' id='word_1_152' title='bbox 892 2877 1030 2975; x_wconf 86' lang='lat' dir='ltr'>gratias</span> <span class='ocrx_word' id='word_1_153' title='bbox 1046 2901 1172 2976; x_wconf 89' lang='lat' dir='ltr'>agam,</span> 
     </span>
     <span class='ocr_line' id='line_1_22' title="bbox 185 2991 1174 3092; baseline 0 -24"><span class='ocrx_word' id='word_1_154' title='bbox 185 3016 264 3068; x_wconf 91' lang='lat' dir='ltr'>non</span> <span class='ocrx_word' id='word_1_155' title='bbox 295 2991 458 3092; x_wconf 89' lang='lat' dir='ltr'>reperio,</span> <span class='ocrx_word' id='word_1_156' title='bbox 491 2992 598 3092; x_wconf 92' lang='lat' dir='ltr'>quod</span> <span class='ocrx_word' id='word_1_157' title='bbox 630 2992 682 3068; x_wconf 90' lang='lat' dir='ltr'>ita</span> <span class='ocrx_word' id='word_1_158' title='bbox 713 2994 835 3068; x_wconf 90' lang='lat' dir='ltr'>factus</span> <span class='ocrx_word' id='word_1_159' title='bbox 862 2991 927 3080; x_wconf 88' lang='lat' dir='ltr'>sis,</span> <span class='ocrx_word' id='word_1_160' title='bbox 955 3006 998 3066; x_wconf 91' lang='lat' dir='ltr'>ut</span> <span class='ocrx_word' id='word_1_161' title='bbox 1021 2991 1174 3068; x_wconf 90' lang='lat' dir='ltr'>dederis</span> 
     </span>
     <span class='ocr_line' id='line_1_23' title="bbox 184 3106 1110 3208; baseline -0.005 -25"><span class='ocrx_word' id='word_1_162' title='bbox 184 3106 361 3193; x_wconf 81' lang='lat' dir='ltr'>nobis...</span> <span class='ocrx_word' id='word_1_163' title='bbox 382 3131 483 3207; x_wconf 89' lang='lat' dir='ltr'>quae</span> <span class='ocrx_word' id='word_1_164' title='bbox 501 3132 653 3208; x_wconf 91' lang='lat' dir='ltr'>semper</span> <span class='ocrx_word' id='word_1_165' title='bbox 672 3107 797 3184; x_wconf 91' lang='lat' dir='ltr'>ridere</span> <span class='ocrx_word' id='word_1_166' title='bbox 814 3123 1069 3205; x_wconf 72' lang='lat' dir='ltr'>possemus.·„</span> <span class='ocrx_word' id='word_1_167' title='bbox 1108 3115 1110 3118; x_wconf 83' lang='grc'><strong>’</strong></span> 
     </span>
    </p>

    <p class='ocr_par' dir='ltr' id='par_1_9' title="bbox 236 3221 783 3318">
     <span class='ocr_line' id='line_1_24' title="bbox 236 3221 783 3318; baseline -0.005 -21"><span class='ocrx_word' id='word_1_168' title='bbox 236 3255 253 3287; x_wconf 72' lang='grc' dir='ltr'><strong><em>ι</em></strong></span> <span class='ocrx_word' id='word_1_169' title='bbox 273 3221 391 3318; x_wconf 91' lang='lat' dir='ltr'>Quod</span> <span class='ocrx_word' id='word_1_170' title='bbox 410 3222 461 3298; x_wconf 93' lang='lat' dir='ltr'>ita</span> <span class='ocrx_word' id='word_1_171' title='bbox 475 3227 624 3317; x_wconf 84' lang='lat' dir='ltr'>facetus</span> <span class='ocrx_word' id='word_1_172' title='bbox 648 3223 746 3300; x_wconf 90' lang='lat' dir='ltr'>sis...</span> <span class='ocrx_word' id='word_1_173' title='bbox 766 3263 783 3294; x_wconf 64' lang='lat' dir='ltr'>a</span> 
     </span>
    </p>

    <p class='ocr_par' dir='ltr' id='par_1_10' title="bbox 185 3337 1172 3554">
     <span class='ocr_line' id='line_1_25' title="bbox 236 3337 1172 3424; baseline 0.002 -10"><span class='ocrx_word' id='word_1_174' title='bbox 236 3340 302 3415; x_wconf 93' lang='lat' dir='ltr'>lV.</span> <span class='ocrx_word' id='word_1_175' title='bbox 324 3340 359 3424; x_wconf 92' lang='grc'>8,</span> <span class='ocrx_word' id='word_1_176' title='bbox 388 3362 419 3413; x_wconf 90' lang='lat'>1.</span> <span class='ocrx_word' id='word_1_177' title='bbox 451 3372 467 3403; x_wconf 71' lang='lat' dir='ltr'><em>a</em></span> <span class='ocrx_word' id='word_1_178' title='bbox 487 3337 646 3414; x_wconf 88' lang='lat' dir='ltr'>maximi</span> <span class='ocrx_word' id='word_1_179' title='bbox 663 3338 785 3415; x_wconf 92' lang='lat' dir='ltr'>animi</span> <span class='ocrx_word' id='word_1_180' title='bbox 803 3338 1008 3416; x_wconf 89' lang='lat' dir='ltr'>hominem</span> <span class='ocrx_word' id='word_1_181' title='bbox 1027 3363 1172 3416; x_wconf 89' lang='lat' dir='ltr'>unum·</span> 
     </span>
     <span class='ocr_line' id='line_1_26' title="bbox 185 3452 589 3554; baseline -0.002 -24"><span class='ocrx_word' id='word_1_182' title='bbox 185 3478 262 3554; x_wconf 93' lang='lat' dir='ltr'>que</span> <span class='ocrx_word' id='word_1_183' title='bbox 279 3452 551 3529; x_wconf 89' lang='lat' dir='ltr'>fortissimum.</span> <span class='ocrx_word' id='word_1_184' title='bbox 572 3491 589 3521; x_wconf 70' lang='lat' dir='ltr'><em>n</em></span> 
     </span>
    </p>
   </div>
   <div class='ocr_carea' id='block_1_7' title="bbox 184 3629 1173 3804">
    <p class='ocr_par' dir='ltr' id='par_1_11' title="bbox 184 3629 1173 3804">
     <span class='ocr_line' id='line_1_27' title="bbox 225 3629 1173 3705; baseline 0.005 -16"><span class='ocrx_word' id='word_1_185' title='bbox 225 3630 278 3689; x_wconf 77' lang='lat' dir='ltr'>An</span> <span class='ocrx_word' id='word_1_186' title='bbox 293 3629 320 3690; x_wconf 90' lang='lat' dir='ltr'>is</span> <span class='ocrx_word' id='word_1_187' title='bbox 340 3629 562 3692; x_wconf 87' lang='lat' dir='ltr'>Romanorum</span> <span class='ocrx_word' id='word_1_188' title='bbox 582 3630 740 3705; x_wconf 89' lang='lat' dir='ltr'>omnium,</span> <span class='ocrx_word' id='word_1_189' title='bbox 757 3629 844 3694; x_wconf 84' lang='lat' dir='ltr'>velut</span> <span class='ocrx_word' id='word_1_190' title='bbox 864 3635 1026 3694; x_wconf 88' lang='lat' dir='ltr'>Arvernus</span> <span class='ocrx_word' id='word_1_191' title='bbox 1041 3629 1094 3694; x_wconf 88' lang='lat' dir='ltr'>ille</span> <span class='ocrx_word' id='word_1_192' title='bbox 1109 3630 1173 3694; x_wconf 82' lang='lat' dir='ltr'>La·</span> 
     </span>
     <span class='ocr_line' id='line_1_28' title="bbox 184 3727 843 3804; baseline 0.003 -14"><span class='ocrx_word' id='word_1_193' title='bbox 184 3737 259 3790; x_wconf 88' lang='lat' dir='ltr'>tour</span> <span class='ocrx_word' id='word_1_194' title='bbox 271 3727 305 3787; x_wconf 92' lang='lat' dir='ltr'>in</span> <span class='ocrx_word' id='word_1_195' title='bbox 321 3727 433 3804; x_wconf 85' lang='lat' dir='ltr'>Gallis,</span> <span class='ocrx_word' id='word_1_196' title='bbox 450 3748 535 3790; x_wconf 88' lang='lat' dir='ltr'>unus</span> <span class='ocrx_word' id='word_1_197' title='bbox 552 3728 743 3793; x_wconf 88' lang='lat' dir='ltr'>fortissimus</span> <span class='ocrx_word' id='word_1_198' title='bbox 758 3733 843 3792; x_wconf 82' lang='lat' dir='ltr'>erati</span> 
     </span>
    </p>
   </div>
   <div class='ocr_carea' id='block_1_8' title="bbox 215 3904 903 3974">
    <p class='ocr_par' dir='ltr' id='par_1_12' title="bbox 215 3904 903 3974">
     <span class='ocr_line' id='line_1_29' title="bbox 215 3904 903 3974; baseline 0.01 -18"><span class='ocrx_word' id='word_1_199' title='bbox 215 3906 251 3970; x_wconf 84' lang='lat' dir='ltr'>(r)</span> <span class='ocrx_word' id='word_1_200' title='bbox 269 3904 308 3956; x_wconf 83' lang='lat' dir='ltr'>Ex</span> <span class='ocrx_word' id='word_1_201' title='bbox 316 3907 369 3958; x_wconf 65' lang='lat' dir='ltr'>mae</span> <span class='ocrx_word' id='word_1_202' title='bbox 378 3921 438 3958; x_wconf 85' lang='lat' dir='ltr'>mea</span> <span class='ocrx_word' id='word_1_203' title='bbox 449 3906 642 3974; x_wconf 80' lang='lat' dir='ltr'>haplogrephia</span> <span class='ocrx_word' id='word_1_204' title='bbox 652 3924 712 3961; x_wconf 84' lang='lat' dir='ltr'>mea</span> <span class='ocrx_word' id='word_1_205' title='bbox 724 3907 847 3960; x_wconf 81' lang='lat' dir='ltr'>effectum</span> <span class='ocrx_word' id='word_1_206' title='bbox 856 3916 903 3963; x_wconf 80' lang='lat' dir='ltr'>eet.</span> 
     </span>
    </p>
   </div>
   <div class='ocr_carea' id='block_1_9' title="bbox 0 0 1682 5040">
    <p class='ocr_par' dir='ltr' id='par_1_13' title="bbox 0 0 1682 5040">
     <span class='ocr_line' id='line_1_30' title="bbox 0 0 1682 5040; baseline 0 1"><span class='ocrx_word' id='word_1_207' title='bbox 0 0 1682 5040; x_wconf 95' lang='lat' dir='ltr'> </span> 
     </span>
    </p>
   </div>
  </div>
 </body>
</html>
