3362 5044
562 552 634 605 PRO
658 550 813 604 MILONE.
1146 545 1182 606 35

245 723 403 798 XXXV.
427 723 486 813 87.
507 753 523 782 u
543 719 617 797 Sed
635 737 764 796 tamen
786 722 1021 804 Lurconem,
1041 744 1181 820 quam-

194 859 316 935 quam
332 860 404 936 pro
423 859 493 910 sua
511 832 690 933 dignitate
710 832 933 909 moderatus
950 851 1005 910 est
1023 833 1062 909 in
1081 834 1180 912 testi-

197 951 332 1026 monio
356 950 521 1026 dicendo
550 949 721 1048 religioni
750 972 856 1034 suae,
884 965 1013 1025 tamen
1040 949 1182 1026 iratum

199 1066 339 1143 Flacco
357 1090 438 1141 esse
455 1063 618 1141 vidistis.
645 1102 662 1131 n

239 1233 464 1297 Accusanvum
479 1232 571 1295 illum
585 1233 768 1294 Lurconem
783 1230 1000 1296 demonstrare
1014 1244 1093 1314 puto
1108 1233 1185 1298 haec

195 1332 292 1395 verba
309 1354 316 1394 :
333 1332 520 1395 moderatus
537 1341 594 1406 est,
609 1351 674 1394 non
688 1350 756 1393 esse
776 1350 861 1405 vera,
885 1330 975 1394 aliter
995 1333 1079 1393 enim
1101 1333 1184 1395 Tul-

197 1430 278 1493 lium
293 1432 484 1513 scripturum
500 1431 594 1493 fuisse
611 1453 618 1494 ε
634 1431 756 1506 Lurco,
772 1448 968 1512 quamquam
1037 1430 1184 1493 modera-

196 1540 249 1592 tus
263 1539 319 1608 est,
335 1549 407 1592 eum
422 1540 529 1592 tamen
541 1529 702 1592 iratum...
715 1528 842 1591 vidistis
854 1553 864 1591 .·
880 1530 1023 1612 sequitur
1037 1531 1185 1592 enuntia-

197 1628 290 1702 tioni,
307 1645 389 1710 quae
403 1647 422 1689 a
437 1646 633 1709 quamquam
654 1626 780 1710 pendet,
805 1647 899 1690 suum
914 1647 980 1691 esse
994 1628 1183 1692 subiectum.

252 1805 268 1836 u
285 1772 360 1850 Sed
377 1790 508 1849 tamen
527 1776 764 1862 Lurconem,
793 1798 1037 1874 quamquam
1050 1777 1186 1876 prima

199 1888 275 1965 fuit
291 1888 329 1963 ei
343 1887 513 1987 dignitas
538 1899 575 1963 et
600 1889 798 1964 moderata
825 1888 930 1964 illius
957 1905 1012 1965 est
1031 1889 1071 1965 in
1088 1887 1186 1965 testi-

199 2001 334 2079 monio
364 2001 528 2078 dicendo
566 2004 710 2104 religio
740 2005 841 2093 irae,
878 2019 1006 2080 tamen
1042 2004 1184 2081 iratum

199 2119 342 2194 Flacco
360 2142 441 2192 esse
459 2116 622 2198 vidistis.
643 2157 659 2187 „

405 2357 408 2363 ‘
507 2381 616 2458 pao
644 2382 881 2458 MILONE.

251 2598 335 2672 XX.
367 2597 428 2691 54.
457 2625 473 2655 a
492 2597 629 2690 Quum
659 2594 828 2694 paenula
859 2594 1037 2685 irretitus,
1071 2596 1186 2672 raeda

199 2709 423 2810 impeditus,
445 2733 564 2784 uxore
581 2732 703 2808 paene
720 2709 947 2786 constrictus
965 2725 1071 2786 esset.
1092 2748 1109 2779 η

243 2914 282 2925 -
301 2877 439 2941 Richter.
470 2877 680 2952 Constrictus,
697 2875 871 2939 verstrickt.
889 2871 1028 2939 Warum
1043 2876 1130 2939 nicht
1144 2877 1187 2938 ab

199 2976 327 3040 uxore?
341 3011 381 3021 —
395 2978 450 3048 At,
467 2975 495 3035 si
515 2986 595 3036 esset
619 2975 652 3035 in
675 2973 838 3038 Codd.·ab
854 2992 969 3052 uxore,
986 2975 1187 3056 grammatici

199 3095 280 3140 num
308 3073 536 3137 reclamarentl
572 3074 621 3136 Eo
655 3073 725 3155 ipso
755 3073 841 3157 quod
872 3093 953 3137 uxor
979 3093 1084 3137 comes
1114 3073 1188 3137 ade·

200 3187 262 3249 rat,
292 3171 419 3236 accendi
447 3171 553 3254 potius
582 3170 716 3236 debebat
743 3192 841 3256 quam
867 3172 1025 3236 debilitari
1055 3172 1190 3235 Milonis

200 3275 346 3347 animus;
368 3271 430 3334 alia
451 3289 483 3333 re
502 3289 538 3333 ac
559 3289 617 3332 sua
632 3271 807 3350 praesentia
824 3290 913 3346 uxor,
930 3283 966 3333 ut
983 3268 1018 3332 fit
1033 3272 1068 3333 in
1082 3269 1190 3334 discri-

202 3374 298 3446 mine,
325 3369 551 3453 impedimento
577 3381 661 3442 erat;
688 3368 766 3452 quid
793 3369 920 3433 multat
950 3371 1032 3435 Satis
1060 3382 1191 3453 apparet

194 3489 303 3554 paene
316 3469 465 3533 adverbio
480 3466 698 3531 difficultatem
721 3470 834 3545 minui,
858 3488 955 3552 quam
971 3482 1079 3532 orator
1093 3488 1189 3532 cona·

203 3584 256 3634 tur
269 3569 436 3652 adaugere.

254 3744 272 3778 a
358 3714 504 3790 Uxoris
515 3736 664 3813 pavore
680 3712 870 3788 districtus
888 3730 996 3790 esset.
1018 3748 1038 3782 2
