3356 5040
444 466 485 528 26
850 473 1018 524 [AELIUS.

496 677 514 706 a
530 644 682 718 Natura
699 654 756 718 est
770 666 843 718 sua
860 640 1069 715 laudabile.
1089 681 1106 708 „

495 761 564 834 IX.
584 761 644 834 28.
668 791 686 820 a
704 760 810 832 Nam
828 758 994 832 alterum
1008 757 1178 833 iustitiae
1190 783 1310 855 genus
1322 759 1431 834 adse

443 889 633 974 quuntur,
653 873 695 947 in
713 871 913 946 inferenda
939 896 989 946 ne
1009 872 1074 948 cui
1092 889 1257 948 noceant
1270 873 1430 958 iniuria.

444 987 484 1063 in
501 990 669 1063 alterum
686 986 864 1062 incidunt
885 1015 894 1060 :
918 1024 935 1052 „

495 1135 514 1166 κ
530 1105 637 1179 Nam
654 1104 820 1178 alterum
838 1102 1005 1177 iustitiae
1021 1127 1143 1199 genus
1154 1104 1248 1178 dum
1262 1129 1431 1204 sequun-

442 1233 520 1307 tur,
553 1229 597 1291 ut
625 1216 826 1292 inferenda
856 1217 992 1293 necui
1020 1233 1184 1293 noceant
1209 1218 1367 1307 iniuria,
1388 1221 1428 1295 in

444 1335 610 1410 alteram
629 1332 804 1409 incidunt
824 1362 833 1406 :
853 1370 870 1398 n

492 1453 694 1528 XXXVII.
734 1453 813 1526 132.
847 1484 866 1513 a
885 1452 1102 1527 Rhetorum
1139 1453 1256 1528 turba
1293 1453 1432 1530 referta

444 1566 593 1651 omnia,
612 1603 630 1634 n
650 1565 1036 1666 interpretamentum
1053 1565 1207 1641 videtur
1219 1592 1313 1657 esse,
1330 1569 1430 1646 sicut

445 1682 512 1758 lib.
528 1684 601 1768 III,
611 1707 648 1779 9,
661 1683 707 1778 39
719 1710 727 1755 :
740 1713 758 1744 a
774 1704 1018 1780 quamquam
1033 1697 1156 1782 potest
1170 1681 1211 1757 id
1225 1684 1426 1782 quidem.»

490 1799 670 1873 XXXIX.
693 1799 772 1893 139.
792 1825 810 1856 a
827 1795 935 1872 Utin
948 1796 1117 1884 caeteris,
1137 1797 1318 1873 habenda
1329 1799 1426 1875 ratio

442 1935 523 1986 non
541 1935 612 1986 sua
630 1912 773 1997 solum,
793 1911 860 1986 sed
878 1911 995 1986 etiam
1013 1911 1233 1986 aliorum...
1252 1953 1270 1982 2

493 2057 511 2088 a
532 2027 627 2101 Non
643 2025 708 2100 sui
727 2023 870 2098 solum.
889 2060 906 2090 η

776 2302 1092 2398 ιΑΕιιυ3.(ι)

494 2501 523 2574 I.
545 2521 583 2594 4.
608 2533 624 2560 a
644 2500 778 2598 Itaque
795 2499 865 2573 feci
886 2524 965 2573 non
983 2499 1130 2573 invitus
1147 2516 1189 2575 ut
1201 2500 1425 2599 prodessem

442 2613 574 2688 multis
604 2629 737 2710 rogatu
764 2627 845 2687 tuo.
875 2611 952 2687 Sed
979 2628 1021 2686 ut
1047 2611 1087 2686 in
1107 2615 1252 2689 Catone
1280 2615 1427 2691 maiore

441 2728 526 2812 feci,
547 2726 614 2827 qui
632 2743 687 2802 est
703 2725 867 2827 scriptus
892 2725 942 2800 ad
964 2743 1000 2801 te
1026 2726 1075 2801 de
1099 2743 1300 2819 senectute,
1314 2732 1426 2806 Cato

443 2866 533 2918 nem
551 2840 689 2917 induxi
707 2865 841 2917 senem
859 2840 1134 2940 disputantem.
1160 2879 1177 2909 „

478 3011 597 3093 Itaque
611 3009 682 3092 feci
701 3008 802 3072 effecit
821 3021 858 3072 ut
878 3008 1013 3071 alterum
1033 3008 1114 3071 illud
1130 3009 1201 3090 feci
1219 3011 1424 3088 scriberetur3

440 3108 530 3172 aliter
543 3127 673 3190 quoque
687 3128 723 3170 ac
738 3106 805 3170 fieri
821 3107 911 3185 solet,
929 3107 1218 3189 interpungendum
1233 3108 1328 3173 duco.

494 3289 510 3317 a
529 3254 618 3339 Sed,
645 3269 688 3329 ut
717 3254 758 3329 in
783 3256 930 3329 Catone
961 3254 1109 3330 maiore
1140 3257 1246 3340 hoce,
1278 3256 1348 3354 qui
1372 3272 1427 3332 est

443 3367 607 3470 scriptus
633 3368 684 3443 ad
709 3385 759 3457 te,
787 3369 835 3445 de
861 3384 1054 3445 senectute
1084 3371 1270 3444 Catonem
1289 3369 1427 3446 induxi

442 3508 573 3559 senem
588 3483 863 3584 disputantem.
884 3521 901 3552 n

489 3598 580 3673 VII.
606 3600 663 3674 25.
689 3629 706 3660 a
725 3602 923 3675 Hactenus
944 3597 1041 3674 mihi
1070 3598 1207 3674 videor
1228 3600 1276 3676 de
1293 3599 1427 3677 amici-

439 3711 494 3788 tia
511 3712 607 3813 quid
625 3713 804 3789 sentirem
818 3713 989 3813 potuisse
1002 3714 1129 3790 dicere
1150 3744 1158 3789 :
1179 3715 1211 3790 si
1226 3741 1304 3816 qua
1318 3741 1427 3817 prae-

477 3925 512 3989 (ι)
532 3924 609 3977 Edtd.
624 3927 661 3980 M.
674 3926 793 3994 Seyffert.
811 3926 882 3992 1844.
